1956 3736
185 114 225 191 7⁶
341 112 367 187 J.
402 109 760 171 Fantrsneutr

94 243 166 298 stc.
190 237 291 300 Hicetai
309 253 422 316 praetore
436 236 535 314 pulsus,
556 237 591 294 ad
605 207 868 309 Carthaginiensium
885 224 926 294 o·=

95 328 165 425 *473
189 340 236 397 pes
255 320 280 411 se
298 317 455 376 contulerat.
477 317 515 408 ita
532 317 635 376 bellum
655 318 774 389 gravius,
794 321 821 374 de
836 317 918 410 Spatt-¹

187 479 238 537 t.
252 395 606 552 pastuum.
619 397 920 553 tumtun

186 557 400 626 ,Agrigentinum
422 556 557 613 Phintiam
577 558 669 626 armis,
697 555 849 633 inquietam
871 554 920 613 diu

184 635 298 697 ursulam
312 636 417 702 tenuit5
437 634 525 694 donec
537 635 567 691 T
568 634 705 694 hcenionis
716 635 859 710 cujusdam
872 654 917 691 au-

186 715 274 786 dacii,
291 715 453 792 principatu,
467 733 550 792 quem
561 733 665 772 nonum
678 717 736 790 jam
751 733 855 772 annum
869 714 918 772 ob·

187 796 306 867 sinebat,
334 795 486 868 pelleretur.
525 794 678 852 Thoenioni
703 794 919 851 dominationem

187 877 303 935 retinere
317 874 413 932 nitenti
429 887 541 936 exortus
557 875 595 932 esi
612 873 775 931 adversarius
790 893 825 932 ex
840 875 920 949 Syra·

186 957 284 1013 eusana
307 954 449 1012 nobilitata
467 953 637 1011 Sosistratus:
662 953 767 1030 diuque
789 968 920 1012 certatum

188 1035 333 1101 internos
354 1033 436 1091 armis
459 1034 505 1102 est,
521 1031 648 1105 insulam,
668 1052 730 1110 quae
752 1033 921 1109 Syracusana

190 1115 265 1172 urbis
285 1134 348 1192 pars
365 1112 414 1183 eil,
438 1112 501 1189 (ipsi
522 1110 620 1187 Nasum
640 1115 755 1184 vocant)
782 1112 921 1172 obtinente

186 1193 221 1258 ,Τ
223 1193 361 1264 hoenione,
381 1211 467 1268 quum
480 1192 509 1248 in
525 1206 613 1249 cetera
631 1192 699 1251 urbe
712 1191 865 1252 Sosistratus
879 1209 921 1270 ty-

186 1272 331 1332 rannidem
359 1284 464 1341 ageret.
507 1269 646 1330 Postremi>
670 1292 758 1350 quum
785 1273 922 1351 utrimque

154 1382 157 1385 ¹
187 1351 259 1410 nihil
281 1371 316 1408 cx
336 1351 379 1408 his
398 1347 537 1407 discordiis
557 1365 654 1427 praeter
677 1370 857 1410 communem
882 1354 921 1412 in·

186 1433 301 1489 teritum
315 1430 457 1488 imminere
470 1447 619 1502 cernerent,
627 1429 783 1488 vocandum
795 1431 850 1489 elie
857 1434 922 1510 Pyr·

186 1509 274 1580 ¹thum
287 1509 412 1568 consensu
424 1508 618 1568 decreverunt:
639 1510 687 1588 qui
701 1529 785 1580 gener
798 1511 921 1583 Agatho·

189 1590 255 1663 clis,
274 1590 330 1683 salio
344 1610 379 1648 ex
392 1587 503 1647 Lanalsa
512 1587 645 1682 sqscepto,
665 1588 818 1681 successioni
832 1593 922 1668 proxi·

186 1673 474 1817 &silisis
487 1669 648 1810 tillut?
666 1670 923 1811 ‘ssltstsit

190 1826 368 1899 Agrigentini
389 1826 571 1904 Leontinique
591 1829 740 1906 principes,
763 1831 813 1907 qui
832 1836 859 1889 de
879 1831 923 1910 ipsi

187 1904 300 1976 suarum
326 1905 450 1975 urbium,
476 1906 609 1984 totiusque
629 1908 698 1967 adeo
723 1907 815 1968 insulae
837 1911 922 1989 impe·

192 1983 266 2046 rium
287 1985 441 2056 offerentes,
466 1985 519 2043 uni
538 2006 606 2045 voce
625 1987 766 2061 rogabant,
786 2002 818 2047 at
837 2010 922 2067 quaut-

188 2069 307 2142 primum
331 2068 361 2123 in
381 2065 498 2139 Siciliam
516 2069 663 2145 trey'ireret,
684 2069 760 2144 fers
779 2070 873 2144 rubus,
892 2069 923 2130 st*

192 2145 325 2205 laboranti
336 2143 387 2222 sub
408 2145 577 2203 barbarorum
596 2151 678 2215 atritis
697 2148 829 2223 libertati,
851 2165 922 2228 prae·

186 2223 280 2300 ‚sentis
289 2226 345 2302 sari
356 2225 537 2302 succursuros.
894 2282 896 2286 ,

237 2307 273 2364 L.
295 2306 523 2377 Carthaginienses
536 2306 609 2364 enim
619 2307 844 2384 Syracusanorum
858 2311 924 2384 agria

193 2385 310 2457 vallatis,
330 2385 413 2461 ipsam
430 2405 541 2462 quoque
554 2386 651 2445 urbem
664 2387 741 2445 classe
753 2402 866 2448 centum
880 2411 923 2448 na·

194 2465 272 2522 vium
287 2468 312 2519 u
325 2463 440 2540 pedestri
458 2465 651 2542 quinquaginta
669 2467 787 2526 millium
805 2471 924 2528 exercitu

194 2544 265 2604 terri
285 2543 406 2620 marique
428 2544 582 2605 clauserant.
624 2546 712 2618 Igitur
731 2547 851 2624 Pyrrhus
871 2569 927 2608 nott

194 2622 265 2682 uitri
281 2622 461 2681 differendum
476 2639 559 2694 ratus,
580 2625 706 2697 Cineam,
725 2628 803 2702 cujus
818 2629 927 2700 ingenio
968 2664 971 2669 <

192 2704 303 2784 fideque
322 2703 471 2782 plurimum
495 2704 536 2761 uti
556 2705 743 2777 consueverat,
769 2710 926 2784 praemittit,

193 2804 258 2842 cum
275 2783 370 2842 Siculis
384 2783 537 2842 civitatibus
551 2784 720 2843 conditiones
734 2785 860 2865 legesque
874 2790 927 2847 sore

191 2863 291 2921 derum
305 2869 331 2922 δι
348 2865 474 2922 amicitiae
493 2863 717 2941 composturum.
760 2867 822 2944 Ipse
842 2868 928 2926 socios

184 2941 333 3035 ,disccssiun
351 2963 422 3020 aegre
440 2944 556 3007 ferentes
576 2943 736 3025 casulatus,
748 2944 780 3024 st
794 2945 815 3027 ὰ
830 2948 925 3009 Roua-
