1956 3736
170 171 225 233 188
321 164 347 244 J.
383 165 744 223 Furrusnanrr
816 218 819 225 ,

74 327 107 374 υ,
118 329 145 374 (ς,
166 298 268 357 serrum
285 295 378 354 hostile
392 313 448 350 non
461 290 576 361 viderat,
597 289 825 368 perpopulantur:
844 287 892 347 vil·

83 393 142 451 495.
165 379 203 436 las
216 377 371 446 magnificas
391 373 489 432 multas
509 371 661 430 destruunt:
685 391 814 443 maguam
830 389 891 450 qua·

74 458 142 503 Ml·
165 456 317 533 drupedum
338 453 479 531 praedam;
508 452 652 510 hominum
673 467 804 530 praeterea
823 451 894 529 supra

83 522 139 581 ²5⁶·
163 536 258 607 viginti
274 535 359 593 millia
373 534 521 605 abducunt,
542 533 651 590 nemine
665 533 811 608 prohibere
826 531 893 590 auso.

160 615 263 694 oppida
280 635 390 694 quoque
410 614 496 673 multa
511 613 540 671 vi
558 628 603 670 aut
617 612 757 671 deditione
772 614 895 691 capiunt:

161 699 189 756 in
206 697 247 753 his
266 696 440 773 perfugarum
454 695 571 771 aliquem
584 713 729 752 numerum
743 694 895 771 deprehen·

160 778 240 847 dunt,
258 796 438 853 magnamque
450 776 508 833 vim
522 788 663 851 captorum
676 775 812 851 proximis
824 774 897 833 bellis

161 859 265 916 civium
279 859 469 916 Romanorum
484 855 613 913 liberant:
635 874 705 931 quos
720 855 792 913 inter
807 861 833 913 a
845 857 897 914 Cn.

164 938 325 998 Comelium
340 938 415 996 suilIe
433 935 606 1007 crediderim,
627 937 675 1013 qui
694 936 825 1012 proximo
845 935 899 1015 poll

164 1020 275 1079 biennio
291 1019 382 1076 consul
393 1019 492 1075 iterum
507 1016 591 1073 faslus
605 1016 652 1074 est.

207 1100 296 1158 XIII.
313 1100 390 1156 Dum
404 1098 463 1154 haec
473 1111 599 1169 aguntur,
611 1096 659 1173 qui
671 1095 795 1155 Romam
809 1096 824 1156 ai
836 1117 899 1156 con·

165 1181 264 1238 sulibus
284 1179 350 1236 miffi
368 1179 484 1249 fuerant,
504 1197 569 1234 cum
585 1175 719 1236 mandatis
735 1177 842 1238 senatuis
859 1199 900 1236 re·

165 1276 315 1318 vertuntur.
335 1257 480 1332 jubebatur
496 1273 587 1315 autem
608 1257 674 1314 alter
694 1277 791 1317 eorum
810 1261 840 1317 in
858 1261 901 1318 A·

165 1340 233 1397 srica
251 1358 359 1397 manere
376 1357 441 1395 cum
458 1357 489 1394 ea
507 1353 583 1414 parte
601 1338 712 1409 virium,
733 1359 818 1416 quam
837 1342 900 1398 reti·

165 1421 224 1477 neri
237 1440 272 1478 ex
284 1418 421 1495 republica
427 1417 608 1495 judicaffent3
623 1419 689 1476 alter
703 1434 824 1478 ceteram
836 1421 901 1479 clas·

95 1536 100 1543 -
156 1501 257 1561 sem&
273 1499 365 1577 copias
379 1500 499 1556 Romam
512 1497 651 1558 reducere.
679 1498 724 1556 Sic
739 1500 901 1561 imminente

163 1583 221 1657 jam
235 1581 337 1652 hieme,
358 1580 452 1638 mansit
468 1580 513 1639 M.
528 1580 649 1651 Regulus
664 1598 729 1637 cum
743 1582 901 1656 quindecim

165 1662 252 1720 ferme
266 1662 389 1738 peditum
404 1660 533 1730 millibus,
547 1660 682 1736 equitibus
696 1660 863 1737 quingentis,
878 1668 901 1722 δι

127 1781 134 1791 ι
165 1744 279 1802 navibus
299 1740 485 1818 quadraginta.
513 1741 620 1798 classem
642 1741 775 1819 reliquam
797 1745 900 1803 manci·

165 1822 255 1899 piis&
274 1820 365 1897 praedai
384 1821 505 1878 onustam
522 1821 558 1879 L.
573 1821 693 1879 Manlius
708 1821 809 1881 Siciliae
826 1825 902 1894 litora

165 1897 225 1958 tuto
238 1901 426 1975 praetervestus
440 1900 469 1956 in
483 1900 580 1958 urbem
594 1902 752 1979 reportavit.
791 1905 901 1983 Septem

166 1984 191 2038 δι
204 1979 301 2051 viginti
315 1979 400 2037 millia
414 1979 586 2057 captivorum
602 1981 702 2042 abhoc
715 1983 841 2045 Romam
853 1985 901 2051 def

166 2060 247 2119 dudla
266 2061 383 2138 reperio,
403 2061 581 2139 navalemque
600 2063 636 2120 de
651 2063 741 2121 Poenis
761 2066 901 2126 decretum

76 2174 147 2221 uc·
167 2144 194 2202 ei
211 2142 380 2220 triumphum
397 2143 459 2201 elle.
502 2143 563 2200 Post
581 2142 639 2203 haec
655 2143 710 2203 Ser.
728 2145 750 2202 F
753 2147 844 2207 ulvius
858 2148 900 2207 M.

84 2251 143 2300 497·
168 2224 202 2284 F.
224 2223 270 2283 M.
293 2223 335 2282 N.
358 2221 475 2281 Paetiuua
494 2222 634 2295 Nobilior,
655 2229 681 2281 da
701 2225 748 2286 M.
772 2228 901 2287 AEmilius

31 2318 34 2325 “
76 2307 104 2349 Α*
114 2308 142 2352 C·
168 2304 214 2363 M.
231 2305 265 2363 F.
282 2305 319 2362 L.
337 2303 379 2363 N.
396 2303 502 2362 Paullus
523 2304 642 2364 consules
663 2303 736 2367 fatti.
782 2308 840 2367 His
861 2309 900 2367 Si·

86 2380 116 2428 ²5
118 2380 133 2426 5
135 2400 141 2449 f
167 2385 264 2443 cilia&
278 2384 360 2442 claflis
373 2385 521 2461 provinciae
539 2383 662 2443 decretae.
706 2387 849 2459 Regulum
862 2408 900 2449 res

167 2466 197 2524 in
210 2463 304 2523 Africa
316 2463 499 2541 'prosperrimi
516 2480 655 2538 gerentem
668 2484 704 2525 ex
718 2469 814 2528 medio
829 2468 901 2529 cursu

167 2544 341 2605 vidoriarum
353 2547 474 2604 revocari
486 2566 543 2604 non
554 2546 672 2623 placuit:
689 2547 829 2629 jussusque
841 2570 899 2631 pro·

167 2624 275 2688 consule
290 2624 392 2684 bellum
406 2626 436 2684 in
449 2626 543 2685 Africa
556 2626 746 2687 administrare.

209 2707 296 2768 XIV.
319 2705 355 2764 Id
373 2705 622 2766 senatusconsultum
643 2728 727 2767 nemo
743 2714 851 2792 accepit
867 2731 900 2772 ae·

151 2788 255 2929 lili}
265 2785 789 2941 qiiluliilaiiiiliiinmhiliim
805 2797 900 2934 fiili

258 2915 265 2929 .
772 2895 805 2934 ea
842 2897 857 2934 e

169 2948 275 3026 questus
295 2949 346 3018 est,
372 2950 494 3027 interque
515 2951 603 3008 causas
621 2952 733 3028 petendi
753 2955 899 3017 successoris

169 3026 269 3125 posuit,
288 3028 428 3116 villicisui
445 3043 529 3128 morte
549 3031 582 3107 (is
597 3032 715 3129 agellum
728 3034 800 3114 heri,
821 3055 897 3125 quen
