1956 3736
162 131 224 207 284
317 120 748 204 strumarum

69 279 141 327 mc.
161 261 231 318 binis
245 257 342 328 letalis,
364 254 399 315 tr
412 253 454 311 bis
468 254 619 326 inermibus,
641 258 793 330 navigaret.
828 254 887 314 Cor·

81 358 137 404 523·
163 362 238 418 cyra,
261 341 370 408 Pharus,
394 336 455 406 Issa,
478 336 695 410 Dyrrhachium,
716 343 742 394 δι
756 338 890 394 Atintanes

72 414 101 456 Α·
114 412 141 457 ⁶·
164 423 214 480 hac
229 440 292 498 pace
305 418 438 475 Romania
451 416 595 474 cesserunt:
619 432 708 474 cetera
723 438 785 494 quae
798 418 845 475 sub
857 419 892 475 A·

80 487 138 537 ²²⁹·
162 504 254 574 gronii
274 499 390 576 imperio
411 498 527 566 fuerant,
549 497 652 555 Pinneo
672 497 774 555 reliela.
811 499 894 556 Teuta

162 583 215 640 stve
234 580 338 658 pudore
357 585 383 637 δι
401 594 488 649 metu,
508 578 562 635 five
579 577 738 654 jubentibus
755 580 893 649 Romanis,

162 662 389 720 administratione
403 660 479 731 regni
493 658 568 730 abiit,
588 678 671 735 quarn
686 660 790 717 tutorio
811 660 893 717 nomi·

162 764 197 802 ne
212 741 324 821 suscepit
339 741 497 800 Demetrius
513 738 633 797 Pharius.

204 824 318 885 XXXI.
345 824 390 881 Sic
409 821 482 879 siniti
503 840 567 877 cum
591 819 693 895 Illyriis
715 822 895 892 contentione,

164 906 312 983 finibusque
332 904 438 981 imperii
453 904 509 978 jam
529 899 564 958 ad
583 900 681 957 limites
696 901 819 959 Graeciae
838 923 896 981 pro·

165 989 259 1058 motis,
280 986 313 1043 ab
331 986 383 1043 alia
400 1000 474 1060 parte
494 1001 590 1060 parum
606 980 696 1037 secura
710 982 859 1059 respublica
872 1003 897 1040 e·

165 1085 226 1126 tat:
257 1066 449 1126 meditantibus
473 1062 575 1121 bellurn
595 1061 701 1132 Gallis,
728 1068 754 1120 dc
776 1064 898 1124 maximis

164 1149 194 1207 in
210 1148 340 1224 Hispania
360 1146 531 1203 incrementis
550 1143 590 1200 rei
605 1142 724 1213 Punicae,
746 1165 832 1221 quarn
850 1146 898 1203 stne

164 1229 285 1308 periculo
301 1229 435 1285 Romanae
449 1223 601 1281 confirmari
619 1223 692 1300 posse
707 1243 793 1282 nemo
811 1226 899 1283 crede·

161 1309 219 1367 bat.
243 1307 375 1365 Asdrubal
390 1311 509 1379 gener&
524 1303 654 1363 successor
667 1304 827 1378 Amilcaris,
843 1308 898 1363 vin·

165 1389 252 1446 dicati
273 1388 356 1446 soceri
379 1401 483 1458 morte,
511 1385 609 1444 multas
630 1399 760 1461 praeterea
782 1389 900 1445 nationes

166 1471 264 1548 partim
287 1470 385 1539 armis,
414 1467 574 1544 plerumque
597 1465 708 1523 consilio
734 1472 760 1524 a
781 1466 901 1526 facundii

165 1551 219 1628 qui
243 1548 313 1608 miti
339 1549 473 1626 pollebat,
501 1546 763 1617 Carthaginienssum
789 1550 901 1626 imperio

165 1631 300 1689 subdidit:
322 1633 404 1689 etlam
418 1629 499 1686 alteri
511 1626 675 1702 Cartbagine
687 1648 750 1704 quae
765 1629 845 1687 Now
859 1650 902 1706 ap·

165 1713 324 1789 peilatus,
347 1712 375 1768 in
389 1709 445 1767 sunu
460 1709 541 1766 maria
556 1711 633 1784 juxta
652 1725 765 1784 portum
780 1710 901 1788 amplissi-

167 1811 246 1849 mum
266 1797 293 1849 sc
315 1792 374 1849 satis
395 1789 586 1858 commodum,
608 1788 730 1848 conditi.
766 1792 821 1849 Sed
840 1809 900 1867 pro-

166 1875 228 1948 pior
242 1869 257 1928 ἒ
271 1871 360 1927 Gallia
376 1884 475 1940 metus,
497 1869 589 1926 durius
608 1869 720 1947 aliquod
735 1887 828 1929 contra
842 1873 900 1928 Ρα-

166 1971 217 2008 noa
231 1949 371 2006 consilium
392 1949 460 2006 inire
473 1949 568 2006 vetuit.
590 1950 666 2027 quod
684 1951 821 2032 reliquum
839 1966 901 2024 erat,

166 2030 315 2091 soederibus
327 2030 460 2108 passisque
473 2030 578 2088 cursum
593 2030 710 2089 fortuna
725 2053 823 2092 eorum
837 2034 902 2092 siste-

167 2135 197 2173 re
212 2112 379 2171 studuerunt.
404 2113 513 2184 Legatia
527 2131 593 2182 ergo
605 2112 800 2184 Carthaginem
816 2115 901 2184 millis,

168 2195 276 2272 aliisque
289 2193 323 2250 ad
337 2192 528 2264 Asdrubalem‚
549 2192 723 2270 pepigerunt,
744 2208 775 2252 ut
789 2209 866 2253 tram
880 2195 903 2251 I·

165 2276 256 2333 bcram
283 2293 383 2331 amnem
400 2273 434 2348 se
456 2277 617 2332 continerent
637 2275 728 2347 Parti,
756 2276 904 2351 Saguntinis

161 2355 225 2431 suae
243 2357 309 2430 leges
328 2352 364 2413 ὅ
383 2354 492 2412 libertas
502 2358 673 2428 irritaretur.
716 2356 789 2414 Haec
812 2358 841 2415 in
861 2377 902 2414 an·

76 2454 150 2505 rac,
172 2457 239 2493 num
258 2436 421 2506 inciderunt,
442 2456 498 2514 quo
518 2437 564 2512 Sp.
581 2436 716 2494 Carvilius
736 2439 784 2515 Sp.
802 2440 834 2497 F.
851 2439 900 2496 Cn.

88 2533 145 2580 524
171 2505 214 2577 N.
230 2516 382 2586 Maximus,
404 2517 451 2595 Q
462 2515 561 2574 Fabius
579 2517 626 2593 Q
640 2517 672 2574 F.
696 2518 743 2596 Q
754 2519 797 2578 N.
815 2518 903 2578 Maxi-

78 2587 146 2697 *ἐξ
171 2617 233 2655 mus
249 2595 429 2669 Verrucosus,
449 2612 563 2675 uterque
577 2596 688 2670 iterum,
709 2599 833 2660 consules
849 2601 904 2660 sue·

168 2699 209 2739 te.

213 2759 343 2822 XXXII.
359 2759 415 2817 Sub
424 2759 499 2817 idem
513 2773 620 2837 tempus
633 2760 831 2822 L.Postumius
844 2782 905 2841 pro·

170 2841 290 2911 consule,
312 2841 359 2919 qui
374 2842 401 2898 in
413 2841 527 2918 illyrico
542 2842 738 2914 hibemaverat,
759 2844 862 2916 legatos
875 2841 906 2902 ad

173 2920 334 2981 AEtolorum
347 2922 569 3000 Achaeorumque
586 2924 702 3000 populos
715 2926 839 3003 Corcyrai
857 2927 905 2984 mi·

169 2999 214 3073 sit,
234 2999 269 3060 ad
286 3003 481 3080 exponendum
498 3007 537 3067 rei
555 3004 635 3082 gestae
651 3004 789 3082 ordinem,
810 3008 906 3089 quibua
