1956 3736
264 189 301 248 ¹4
413 171 831 247 J.Fssrusuau11

169 315 203 359 tr.
215 316 241 363 c,
260 297 398 354 confilium
417 297 498 353 etiam
516 298 542 350 δι
559 293 658 352 ducem
677 294 838 362 arnifillcnta
856 295 934 353 miffis
953 317 978 352 a·

176 389 235 438 462·
260 377 388 447 consules,
409 383 435 433 δι
456 377 556 432 horum
577 375 674 432 assensu
693 376 812 432 Romam
833 377 937 447 legatis,
959 397 976 433 u

169 457 197 496 Λ·
210 451 236 496 c·
258 458 346 514 foedus
367 477 432 513 cum
452 455 512 532 ipfis
532 454 627 532 quarto
649 471 832 526 renovaretur,
859 457 973 533 impetra

182 526 239 574 ²9⁰·
259 552 343 595 runt:
373 536 471 606 credo,
493 536 624 593 Romanis
644 536 725 591 etiam
747 535 882 592 vincendo
904 537 971 594 fellis

257 616 476 694 cupientibusque
488 616 590 672 bellum
603 615 721 685 difficile,
738 615 848 691 ipsisque
861 617 930 694 laepe
942 637 973 674 ca

257 697 421 766 lamitosum,
443 695 552 753 tandem
568 694 709 772 aliquando
729 709 809 752 certae
824 697 896 772 pacis
915 712 973 754 tran

256 777 390 855 quillitate
411 792 585 852 componere.
622 775 698 831 illata
720 776 840 851 primdm
860 777 973 833 Samniti

256 857 311 914 bus
323 876 397 914 arma
408 858 451 914 M.
463 856 574 912 Valerio
585 855 705 925 tertium,
719 858 756 914 A.
765 856 895 913 Cornelio
907 857 978 915 Coss

257 937 409 995 consulibus
424 938 546 1013 reperio:
568 956 628 1013 quae
642 935 677 991 ad
690 949 799 1012 quartos
813 942 838 992 δε
852 937 973 1013 quinqua

257 1018 373 1090 gesimos
388 1018 451 1075 inde
464 1016 584 1073 consules
598 1017 673 1072 vario
688 1017 778 1073 Marte
793 1017 920 1089 exercita,
942 1037 975 1074 au

257 1098 406 1156 foederibus
427 1117 522 1172 parum
544 1097 675 1153 diuturnis
697 1096 828 1172 suspensa,
855 1096 940 1173 popul
975 1126 978 1148 t

256 1193 402 1254 utrumque
417 1188 578 1251 occupatum
592 1176 787 1252 sollicitumque
802 1176 961 1235 habuerunt.

299 1258 381 1314 XXI.
404 1258 450 1312 An
465 1273 499 1311 ex
511 1256 564 1312 hoc
577 1254 649 1312 bello
664 1255 868 1332 triumphaverit
880 1257 974 1314 Corne

255 1337 321 1407 lius,
342 1338 371 1394 in
385 1335 496 1392 obscuro
511 1331 563 1392 ell:
587 1335 621 1390 de
636 1335 733 1392 Manio
750 1355 806 1392 non
824 1335 970 1406 ambigitur

256 1418 337 1491 cujus
352 1416 460 1473 fortuna
479 1434 512 1471 eo
531 1415 583 1472 fuit
601 1415 734 1486 illustrior,
755 1413 832 1494 qubd
849 1417 907 1473 aliis
927 1417 974 1474 sub

257 1496 323 1554 inde
345 1496 423 1553 vidis
437 1496 579 1568 -hostibus,
604 1495 646 1552 bis
667 1495 765 1552 eodem
786 1497 815 1553 in
836 1496 978 1568 maguus

255 1577 443 1654 triumphavit.
487 1576 598 1654 Qtippe
619 1575 724 1647 Sabini,
749 1576 837 1633 valida
857 1596 939 1649 geas,
970 1601 978 1627 c

256 1657 340 1729 longi
358 1671 417 1715 tum
434 1676 502 1735 pace
518 1656 654 1734 opulenta,
674 1656 729 1713 sive
743 1657 866 1733 precibus
881 1658 976 1716 Samni

257 1738 330 1795 tium
343 1743 369 1794 dc
382 1737 588 1814 propinquitatis
603 1737 783 1795 misericordi&
796 1739 941 1809 commoti,
956 1738 977 1796 st

257 1835 294 1873 ve
305 1817 382 1873 violis
395 1817 492 1874 vicinis
504 1816 538 1890 ad
554 1817 580 1873 se
593 1837 704 1894 quoque
720 1833 882 1895 perventuro
896 1819 977 1877 incer

211 1961 214 1969 Ι
256 1895 307 1951 dio
321 1895 443 1952 volentes
458 1894 591 1967 obsistere,
612 1898 712 1954 armati
727 1899 869 1973 juventute
883 1899 976 1957 Roma

251 1975 287 2030 ‘tri
300 1974 367 2048 juris
381 1974 441 2032 loca
455 1974 581 2053 quaedam
594 1976 755 2036 invaserunt.
784 1978 977 2037 Adversds'lro

254 2053 372 2125 egreffus
385 2075 450 2113 cum
463 2057 583 2114 exercitu
598 2057 709 2128 Curius,
733 2069 764 2114 ut
777 2057 919 2116 diduceret
928 2059 974 2117 'ho

256 2136 318 2207 tres,
338 2134 415 2193 simul
436 2156 471 2194 ne
489 2137 650 2194 Sabinorum
668 2139 724 2209 agri
743 2138 861 2195 cladium
879 2139 976 2197 bellica

255 2236 319 2274 rum
333 2231 456 2294 expertes
469 2217 639 2287 haberentur,
656 2219 773 2276 'occultis
785 2219 926 2276 itineribus
940 2240 974 2278 co

255 2297 362 2373 piarum
383 2312 488 2375 partem
507 2298 587 2369 misit,
608 2296 677 2355 datis
696 2299 838 2370 mandatis,
860 2312 891 2356 ut
911 2299 976 2376 qud

253 2377 374 2450 latifflmb
393 2380 506 2454 paffent,
534 2391 661 2435 terrorem
684 2380 770 2435 ubivis
792 2380 976 2456 vastitatemqu

176 2498 179 2505 .
249 2457 386 2529 facerent.
423 2459 463 2514 Ea
479 2458 622 2528 mellitas,
644 2459 678 2515 ad
696 2459 740 2516 sua
760 2459 859 2515 menda
878 2459 974 2517 diversi

256 2534 416 2592 abeuntibus
434 2537 596 2607 agminibus,
617 2539 789 2596 formidabile
803 2539 896 2596 Sabini
909 2559 974 2597 exer

179 2686 184 2695 ·
226 2622 230 2631 '
254 2610 325 2671 citds
339 2615 421 2673 robur
436 2617 524 2688 solvit,
545 2616 706 2697 facilemque
719 2612 845 2676 adversus
851 2613 969 2699 *dispari

256 2696 509 2755 victoriamcontuti
523 2695 649 2775 praebuit.
739 2710 752 2735 '-

298 2779 398 2836 XXII.
420 2780 483 2838 Hac
504 2778 676 2856 expeditione
699 2774 792 2855 usque

807 2780 843 2837 ad
864 2775 971 2838 ‘Adria'

254 2878 320 2915 cum
335 2876 409 2918 mare
422 2870 588 2938 ‘perventum
608 2861 664 2917 est:
685 2878 811 2929 agrotum
828 2862 971 2921 bominum

254 2956 309 3011 que
327 2953 398 2997 tanta
417 2943 457 2998 vis
477 2942 505 2997 in
524 2940 680 3016 potestatem
700 2939 783 3010 venit,
806 2954 837 3000 ut
856 2942 977 3000 celebrat

253 3015 354 3076 deiude
370 3020 451 3082 fuerit
465 3021 543 3081 Curii
556 3039 622 3104 soa,
644 3020 691 3100 qui
707 3038 757 3097 pro
776 3022 970 3102 temporumtt
