1956 3736
143 153 357 242 ¹Sussnrur.
379 131 549 241 Litvm.
572 177 732 240 Lrvrsu.
762 178 817 258 185

81 310 130 369 ubi
150 309 229 368 simul
251 309 374 389 pluribus
392 310 461 370 locis
479 310 575 390 aequali
598 310 699 370 virium
719 306 857 369 roboreo.
868 321 898 370 c.

78 404 226 469 pugnatur,
248 404 279 449 ut
298 411 360 469 quae
373 411 435 469 pers
454 393 543 470 prima
561 391 634 470 pulsa
649 390 713 462 fuit,
734 388 816 447 totius
832 385 892 445 49⁶·

79 472 236 530 certaminis
250 472 393 532 neronam
408 473 493 534 daret.
524 475 620 552 Qum
634 473 709 533 enim
723 452 895 528 Amr-M·

78 573 125 611 car
138 553 197 611 vim
211 552 328 611 hostium
341 553 452 613 ulterius
466 554 535 615 serre
549 574 605 613 non
619 553 713 632 posset,
733 550 817 629 ipsius

79 633 145 704 suga
166 634 262 692 ceteris
282 635 365 692 etism
386 635 495 693 Punicae
514 636 596 693 claffis
615 648 703 713 partes
727 632 817 701 statim

78 713 245 792 profligavit.
289 714 366 773 Nam
386 735 420 774 ex
439 715 590 774 consulibus
610 717 647 776 L.
660 715 767 773 Manlio
785 713 816 771 in

77 794 194 872 captivis
213 794 325 854 mribus
339 796 530 872 conquirendis
545 802 570 854 δι
583 796 618 855 ad
632 796 688 854 suas
702 796 815 866 alligan-

78 875 121 935 dis
136 891 282 953 occupato,
302 877 348 935 Μ,
358 876 481 948 Regulus
494 877 666 934 commissum
679 876 742 933 alibi
754 895 815 933 cer-

79 968 172 1027 tamen
186 955 282 1014 videns
300 956 431 1014 auxilium
451 956 502 1016 suis
522 957 592 1015 serre
612 956 754 1026 festinavit,
774 955 816 1012 as·

77 1035 191 1114 sumptis
211 1035 333 1095 secundae
358 1037 440 1095 classis
463 1037 591 1109 navibus,
620 1049 756 1115 quotquot
780 1053 816 1095 ex

79 1119 170 1194 priore
189 1136 280 1193 pugna
298 1118 410 1188 integrae
424 1117 564 1195 illaesaeque
578 1118 722 1176 evaserant·
758 1115 816 1174 Ce-

80 1198 173 1254 leriter
194 1218 275 1274 opem
299 1197 376 1256 islam
400 1198 499 1258 sensere
524 1199 621 1270 triarii,
650 1196 817 1276 receptisque

80 1277 189 1347 animis,
206 1299 274 1354 quos
289 1299 374 1357 prope
385 1279 420 1337 sd
435 1294 587 1338 extremum
601 1278 753 1358 periculum
765 1276 816 1334 sd-

78 1357 155 1420 dueti
177 1358 380 1434 desponderant,
401 1359 505 1419 strenue
527 1361 657 1418 dimicare
678 1380 741 1418 cum
763 1357 816 1416 ad-

78 1439 201 1498 versariis
215 1456 365 1516 coeperunt.
408 1441 511 1499 Hanno
525 1463 611 1518 quum
625 1447 650 1498 sc
664 1440 716 1498 hos
727 1438 815 1498 acrius

78 1518 195 1583 resistere
206 1519 264 1590 fibi,
276 1526 301 1578 &
314 1519 328 1578 Ξ
344 1536 419 1590 tergo
429 1521 459 1595 ¹se
473 1522 562 1596 premi
576 1522 679 1578 videret
691 1519 706 1578 ἒ
718 1540 814 1577 recen·

78 1600 166 1670 tibus,
195 1600 262 1659 velis
284 1601 418 1658 inultum
440 1600 508 1658 datis
534 1601 679 1659 imminens
700 1600 815 1659 exitium

78 1681 229 1758 praevenire
243 1682 352 1740 studuit.
729 1682 731 1685 ’

119 1762 173 1820 ΙΧ.
193 1763 288 1840 Qum
302 1764 371 1820 inter
385 1761 443 1820 haee
456 1762 494 1826 L„
502 1761 623 1821 Manlius
632 1781 745 1838 ¹quoque
758 1773 815 1818 ter·

77 1842 145 1905 sirm
157 1843 346 1901 Romanorum
359 1842 464 1901 classem
479 1843 493 1902 ἒ
508 1841 767 1914 Carthaginiensium
779 1840 813 1900 st-

77 1924 161 1981 nistro
174 1943 259 1983 cornu
273 1924 307 1980 ad
327 1939 425 1982 terram
445 1924 533 1996 urgeri
552 1925 727 2001 conspicatus,
749 1943 814 1983 cur-

77 2003 138 2063 sum
157 2001 190 2063 eti
209 2005 371 2074 intendisset,
396 2005 548 2082 supervenit
567 2011 592 2062 &
613 2007 658 2064 M.
676 2005 813 2076 Regulus,

76 2085 127 2162 qui
142 2086 200 2160 jam
214 2086 373 2162 hippagines
387 2091 412 2142 δι
430 2086 534 2145 triarios
548 2085 578 2141 in
592 2098 651 2141 tuto
664 2084 811 2143 locaverat.

77 2164 122 2225 Its
138 2163 226 2225 subito
245 2166 327 2225 facies
345 2185 436 2226 rerum
454 2166 577 2235 vertitur,
598 2163 812 2240 claudunturque

75 2251 102 2312 ἃ
116 2247 262 2320 cinguntur
273 2247 321 2324 qui
334 2245 414 2322 poulo
428 2245 489 2303 ante
503 2246 644 2303 Romanos
656 2242 811 2301 circumde-

76 2325 183 2387 derant.
224 2346 274 2385 uos
293 2327 420 2404 equidem
439 2326 589 2384 insessum
608 2324 768 2400 constipatos
785 2326 813 2382 tr

76 2408 153 2468 velut
172 2348 285 2471 obieffos
306 2407 374 2464 olim
393 2406 642 2486 pessumdedissent,
668 2405 716 2462 nist
736 2418 813 2462 metu

76 2507 226 2548 corvorum
241 2487 367 2547 accedere
380 2488 468 2559 veriti,
479 2487 592 2565 spatium
605 2485 735 2546 dedissent
745 2502 813 2561 cou-

76 2569 186 2640 sulibus,
207 2583 239 2627 ut
252 2573 277 2627 δι
291 2567 351 2627 suos
368 2569 500 2645 eriperent
519 2567 680 2639 incolumes,
702 2573 727 2624 δι
742 2567 811 2643 Cur-

77 2649 293 2721 thaginiensibus
305 2649 392 2715 subito
413 2648 521 2706 accursu
541 2648 704 2718 circumfusi,
729 2663 813 2704 naves

76 2730 271 2810 quinquaginta
284 2749 349 2787 cum
362 2728 515 2787 vestoribus
530 2729 668 2798 omnibus,
677 2726 752 2784 velut
766 2725 810 2783 in-

76 2811 187 2882 dagine,
207 2824 350 2887 caperent:
370 2828 464 2887 paucae
482 2808 592 2884 reliquae
606 2809 683 2882 juxta
701 2804 764 2863 litus
786 2806 810 2864 i·

77 2891 156 2966 psum
174 2891 199 2948 se
220 2889 396 2950 subducentes
414 2887 543 2959 effugere.
586 2888 651 2945 Fuit
668 2887 722 2944 hoc
740 2907 811 2965 prae·

77 2971 147 3032 lium
162 2991 246 3046 quum
260 2971 386 3033 varietate
399 2969 517 3039 casuum,
534 2972 560 3025 δε
573 2967 745 3026 contentione
757 2989 814 3049 pu7

78 3049 193 3125 finandi,
212 3065 272 3117 tun
289 3052 372 3117 etism
385 3049 537 3115 amissurum
551 3049 688 3132 utrimque
700 3050 814 3111 navium

381 3127 554 3210 ‘Q

833 516 893 575 256,
