1956 3736
166 147 226 206 268
323 146 350 223 J.
384 145 781 203 Fasrusussrsr.

74 293 100 338 υ
110 292 147 340 ,c.
168 276 297 335 abstinere
310 274 390 334 rebus
405 271 507 342 alienis,
529 290 643 349 quarum
657 281 786 346 prompta
797 265 827 324 stt
839 261 886 342 pus·

85 368 144 416 5¹4
169 358 258 415 seffio:
278 375 365 431 neque
385 353 431 410 hic
450 353 556 410 animus
575 349 649 430 apud
667 348 784 427 cupidos
801 351 825 403 δι
842 363 887 402 am·

75 424 99 467 Α
119 421 147 467 ⁰·
169 437 277 496 bitiosos
295 449 340 492 aut
358 434 437 504 bene,
459 448 504 492 aut
524 433 572 490 diu
590 429 741 489 simulatur.
779 426 832 486 Sed
844 426 889 483 hut

85 484 143 547 ’μ’
168 517 250 597 paulo
262 511 437 592 suprbsepeti
450 533 506 571 non
519 514 636 571 alienum
648 509 769 569 videtur.

211 598 249 653 V.
264 596 340 653 Nam
350 595 470 653 Romani
482 609 512 650 ut
526 592 699 651 humanitatis
714 589 826 648 laudem
838 607 891 646 con·

167 680 350 754 sequerentur,
371 675 405 732 ab
423 674 502 731 initio
521 673 584 731 belli
601 672 674 730 illius
691 691 795 742 magno
815 671 892 726 mimo

168 755 431 827 Carthaginienslum
449 753 553 811 causam
576 754 710 810 foverant.
756 752 795 808 Et
818 749 901 824 copis,

170 839 284 918 quidem
304 835 453 904 auxiliares,
477 835 518 891 uti
537 833 687 909 petiverant
709 831 800 901 Poeni,
824 828 894 887 nullu

171 920 276 979 misere.
298 916 343 974 sed
357 934 446 992 neque
461 913 613 984 Uticenses,
632 931 724 989 neque
742 925 896 989 quemquam

171 1000 207 1058 ad
227 1000 252 1056 se
267 995 448 1055 deficientium
467 1006 641 1070 receperunt:
664 1006 833 1050 mercatores
850 987 897 1046 suos

173 1101 209 1138 err
228 1078 306 1136 Italia
324 1074 454 1133 &Sicilia
474 1095 515 1131 res
536 1072 690 1131 necessarias
711 1072 749 1128 ad
767 1069 898 1140 Carthagi·

172 1159 275 1219 nienses
290 1156 394 1214 deserte
408 1154 557 1228 jusserunt:
578 1173 643 1210 cum
657 1152 779 1210 hostibus
796 1151 899 1210 carus·

171 1237 298 1311 ginienfis
323 1234 417 1310 populi
438 1234 635 1291 commercium
657 1247 830 1291 vetuerunt:
856 1229 900 1288 nsi·

172 1320 228 1378 litis
244 1338 278 1374 ex
294 1315 371 1372 ltalia
385 1315 414 1370 in
429 1313 498 1370 istud
513 1314 603 1372 saltem
618 1313 722 1371 bellum
741 1314 900 1371 conscriben-

172 1398 203 1456 di
218 1397 338 1454 secenmt
352 1394 520 1470 potestatem.
541 1394 621 1451 millis
634 1393 701 1470 quin
720 1395 804 1452 etiam
819 1394 900 1465 legatis

173 1477 277 1538 bellum
291 1493 467 1550 componere,
479 1494 632 1552 quanquam
643 1474 722 1531 irrito
734 1492 846 1546 conatu,
859 1476 900 1538 stu·

173 1559 301 1617 duerunt.
338 1556 377 1612 Et
392 1553 522 1612 inciderat
539 1553 651 1632 quidem
670 1554 755 1629 paulo
769 1554 831 1614 ante
845 1575 900 1613 con·

173 1637 312 1711 troversia,
334 1631 410 1712 qutid
431 1634 555 1692 homines
576 1634 686 1691 Italicos
706 1633 801 1693 sorum
822 1653 901 1694 rerum

173 1717 313 1777 venalium
325 1715 360 1772 ad
371 1715 474 1772 hostem
485 1715 655 1792 deportantes
670 1715 814 1790 capiebant
824 1715 901 1785 Pteni,

169 1795 376 1871 mrceribusque
391 1793 506 1870 publicis
524 1793 704 1852 includebant.
742 1797 857 1874 Jamque
871 1793 901 1851 ad

170 1878 337 1954 quingentos
362 1874 420 1946 ejus
444 1874 548 1941 generis
568 1874 703 1933 habebant
723 1876 754 1933 in
773 1876 899 1934 vinculis:

168 1973 264 2031 neque
283 1951 362 2028 pauci
380 1951 539 2011 dicebantur
557 1954 648 2026 occist,
670 1959 696 2011 δι
711 1955 749 2013 ad
768 1955 901 2030 tegendam

174 2033 309 2095 latrocinii
320 2032 421 2091 sarnam
435 2033 464 2090 in
477 2053 550 2093 mare
564 2034 724 2112 praecipitati
738 2037 806 2097 effe:
827 2055 901 2115 quun

175 2114 298 2176 Romani
317 2133 376 2171 rem
395 2133 453 2170 earn
470 2115 586 2186 graviter
600 2113 726 2187 serentes,
749 2117 814 2176 belli
827 2118 901 2174 minas

175 2198 309 2256 ostentare
334 2208 483 2270 coeperunt.
523 2195 577 2252 Sed
598 2195 675 2253 Poeni
697 2196 794 2268 legatis
819 2194 906 2264 milis,

175 2276 226 2356 qui
241 2294 336 2333 omnes
349 2287 484 2351 quotquot
498 2274 600 2332 detenti
613 2275 778 2348 Carthagine
797 2278 901 2344 fuerant,

176 2357 338 2416 reducerent
357 2354 587 2432 restituerentque,
612 2354 682 2412 adeo
702 2357 841 2432 placarunt
858 2376 901 2434 po·

176 2435 272 2513 pulum
287 2434 456 2505 Romanum,
478 2449 508 2492 ut
525 2435 621 2513 reliqui
641 2456 676 2494 ex
690 2437 821 2495 Siciliensi
839 2435 902 2495 bello

176 2514 279 2590 captivi
291 2513 386 2570 Punici
399 2533 495 2572 omnes
508 2514 563 2572 stne
575 2515 663 2591 pretio
677 2517 881 2577 restituerentur.

220 2593 278 2652 VI.
300 2591 354 2652 Sed
376 2592 511 2670 postremis
526 2595 593 2652 vicit
610 2595 734 2668 ambitio,
756 2594 903 2674 premendi·

176 2694 231 2754 que
246 2672 340 2752 populi
352 2672 480 2745 studium,
497 2695 617 2752 quocum
634 2695 683 2751 per
696 2695 783 2734 annos
800 2693 904 2755 quatuor

176 2760 203 2813 δι
222 2753 319 2826 viginti
338 2752 449 2829 ancipiti
473 2753 580 2814 fortunii
603 2772 755 2832 pugnatum
779 2760 904 2816 memine-

176 2850 246 2905 rant,
262 2840 298 2907 st,
313 2831 362 2890 nist
376 2833 540 2910 intempore
554 2851 749 2906 occurreretur,
765 2840 849 2896 etiarn
862 2855 904 2914 po·

177 2914 229 2970 flea
243 2911 418 2988 pugnandum
429 2912 476 2970 fibi
490 2915 696 2993 prospiciebant.
722 2917 819 2995 ere
829 2932 905 2994 quum

177 2992 329 3053 Sardiniam
342 2993 420 3064 inuiti
432 2993 601 3056 dimitterent
613 2996 701 3066 Poeni,
715 2997 829 3076 jamque
843 2996 905 3059 bello
