1956 3736
160 134 260 216 (¹7⁶—
326 135 751 212 J.‚Fstrn.s.usnrr

75 271 112 333 Β.
126 275 155 322 c.
171 281 278 346 perator
290 266 398 326 obiiim
408 266 546 342 profectus
559 265 618 323 loca
630 266 767 344 superiora
778 267 852 344 prior
861 269 902 324 oc·

86 353 147 402 4⁹4·
172 364 330 428 cupaverat,
356 347 548 424 Romanasque
569 349 663 425 copias
683 349 712 404 in
733 349 832 406 vallem
857 348 902 404 ini·

77 407 151 536 *ὑῒ
173 450 256 509 quam
273 431 382 486 temere'
394 427 518 485 demissas
538 427 753 486 circumsidebat.
796 429 903 487 Certum

172 525 234 569 ante
248 509 341 567 oculos
354 508 480 565 omnium
494 509 620 579 exitium,
641 509 813 566 &Caudinae
827 509 902 568 cladis

170 591 262 660 imago
282 588 450 647 versabatur:
476 589 525 646 nist
547 589 686 646 consilium
707 591 841 648 &virtus
862 591 901 648 M.

169 671 312 747 Calpumii
324 670 466 742 Flammae,
481 670 529 748 qui
542 671 664 728 tribunus
676 669 798 727 militum
811 671 901 728 eodem

169 752 200 810 in
218 751 339 809 exercitu
353 751 458 823 agebat,
480 751 558 808 rebus
572 749 641 828 pene
655 750 801 826 desperatis
815 752 904 811 subse·

169 833 257 893 nisset.
300 832 377 890 Nam
399 832 421 890 is
444 833 475 892 P.
491 831 573 889 Decii
593 832 718 909 sequutus
740 832 903 909 exemplum,

170 916 219 992 qui
239 913 363 971 tribunus
381 912 501 972 militum
520 911 595 969 idem
616 913 645 968 in
664 913 776 970 Samnio
798 913 903 983 fecerat,

171 996 310 1072 assumptis
325 994 456 1052 militibus
469 993 595 1051 trecentis
609 991 644 1049 ad
656 994 797 1051 tumulum
812 995 904 1071 quenl·

170 1076 237 1134 dam
256 1073 446 1151 occupandum
460 1075 527 1132 ivit:
548 1073 621 1131 nulli
638 1073 683 1149 spe
698 1073 845 1145 evadendi,
865 1073 903 1130 sed

172 1177 265 1214 amore
278 1156 364 1213 laudis
379 1155 537 1213 &servandi
550 1154 683 1212 exercitis
697 1154 847 1231 cupiditate
857 1154 905 1231 ipse

57 1266 61 1273 ·
172 1237 323 1311 militesque
341 1236 398 1309 ejus
417 1233 526 1293 accenfi.
569 1236 681 1305 Ferunt,
702 1254 790 1310 quum
812 1234 845 1293 ed
858 1235 905 1293 du·

172 1332 256 1387 ceret,
277 1318 314 1373 ita
327 1315 386 1372 suos
400 1315 571 1392 alloquutum
583 1314 653 1373 esse:
674 1313 838 1387 Moriuntur,
859 1318 903 1372 nti·

171 1397 241 1467 lites,
263 1392 300 1453 ὅ
313 1407 397 1452 morte
409 1393 497 1470 nostrii
515 1398 655 1473 eripiamus
668 1413 704 1452 ex
716 1395 841 1471 obstdione
854 1400 905 1453 cir·

167 1488 321 1534 cumvcntas
340 1477 459 1549 legiones.
501 1476 595 1554 Atque
610 1476 650 1532 ita
668 1474 771 1534 sadum
790 1478 838 1537 est.
860 1478 905 1534 ho-

170 1558 253 1616 stibus
279 1558 354 1614 enim
380 1557 409 1613 in
433 1557 484 1614 hos
508 1555 659 1628 converfis,
686 1555 755 1613 dnm
780 1556 905 1615 acerrimi

171 1639 262 1715 pugni
289 1638 461 1715 quantumvis
488 1638 590 1696 multos
616 1637 741 1694 morituri
767 1638 902 1708 detinent,

171 1719 263 1777 consul
283 1718 409 1775 evolvere
429 1717 481 1776 sese
501 1718 569 1776 locis
589 1717 690 1779 infestis
709 1720 818 1793 potuit:
841 1720 904 1777 Car·

171 1798 347 1869 thaginienses
368 1797 514 1855 interfetlis
535 1798 626 1876 quise
647 1798 815 1872 objecerant,
842 1798 903 1858 nihil

100 1910 103 1915 ·
169 1878 200 1934 in
221 1877 331 1935 detedtis
352 1877 410 1951 jam
434 1877 535 1935 insidiis
559 1893 692 1956 ponentes
711 1878 767 1956 spei
786 1881 902 1940 discesle·

167 1971 241 2016 runt.
756 2000 762 2006 -

208 2036 325 2096 XXIV.
348 2036 445 2115 Itaque
465 2037 607 2115 Calpurnii
628 2039 763 2099 miraculo
783 2045 902 2120 proxim

168 2119 277 2178 sortuna
296 2117 366 2177 suits
393 2120 442 2197 qui
462 2133 584 2196 repertus
603 2120 674 2177 inter
693 2121 805 2181 suorum
827 2124 903 2182 hosii·

169 2201 292 2278 liumque
312 2198 474 2258 cadaverum
495 2201 631 2271 cumulos,
652 2220 741 2278 quum
758 2204 829 2262 solus
848 2225 903 2263 om·

168 2282 246 2340 nium
271 2281 359 2339 adhuc
382 2280 507 2359 spiraret,
535 2279 651 2338 sublatus
675 2296 757 2358 atque
783 2282 902 2357 diligenti

168 2363 232 2420 curi
251 2361 377 2433 restitus,
397 2382 483 2438 quum
503 2361 571 2418 inter
594 2361 679 2421 multa
698 2364 813 2423 vulnera
832 2365 903 2424 letale

168 2442 274 2499 nullum
291 2442 441 2519 accepisset,
463 2441 511 2499 diu
523 2442 614 2520 postea
625 2442 726 2502 sortem
740 2445 900 2523 fidelemque

168 2540 281 2598 operam
300 2521 456 2599 reipublicae
477 2522 608 2600 praestitit,
634 2543 791 2604 magnoque
813 2524 903 2586 terrori

167 2602 288 2661 hostibus
305 2603 366 2662 suit.
409 2602 467 2680 Qsi
479 2603 501 2661 st
515 2603 587 2681 apud
600 2601 717 2663 Graecos
729 2621 838 2668 tantum
850 2609 901 2666 vir·

168 2684 233 2742 tutis
247 2683 382 2761 specimen
393 2682 527 2757 edidisset,
544 2704 634 2762 neque
646 2689 837 2763 praemiorum,
857 2708 902 2747 ne»

167 2786 222 2843 que
236 2780 477 2824 monumentorum
489 2765 548 2823 satis
561 2767 687 2842 potuisset
699 2766 821 2829 decerni.
836 2785 902 2829 nunc

168 2845 275 2905 homini
294 2847 422 2906 Romano
444 2847 511 2904 tanti
529 2847 655 2905 facinoris
677 2870 784 2909 merces
807 2868 901 2911 corona

167 2944 203 2982 ex
222 2928 343 2996 gramine
357 2928 427 2986 suit:
448 2927 581 2986 memoria
600 2929 666 2988 vero
685 2931 749 2988 fasti
768 2932 838 2992 adeo
856 2951 899 2991 ne·

166 3004 283 3082 &figens
297 3021 329 3071 ut
340 3009 389 3096 lix
403 3008 437 3096 ἃς
451 3009 564 3096 pontina
577 3009 711 3101 fortissimi
723 3013 778 3098 siti
791 3017 898 3078 conset.
