1956 3736
142 187 332 247 straten.
355 183 392 245 L.
405 181 526 244 XVIII.
548 171 713 243 errnrn
737 198 796 263 ¹99

57 346 120 387 rere
140 327 263 404 tuerique
282 323 400 404 possunt,
420 341 543 382 amorem
562 322 633 380 illius
652 318 840 378 arctemini-u.
851 321 883 377 c.

58 429 138 468 mum
158 407 323 487 piaeferunt:
344 405 392 463 ubi
410 404 562 481 periculum
581 405 618 462 est
631 422 666 460 ne
681 403 716 461 ad
732 399 798 458 alios
807 403 875 505 A49‘73·

57 490 97 548 ob
111 506 239 561 magnam
253 488 383 545 virtutem
397 490 423 542 δι
437 484 536 543 eximia
548 487 645 544 merita
656 484 716 542 haec
730 504 798 544 con·
815 487 877 584 2¹55·

58 568 169 641 cedant,
183 566 265 641 longe
278 567 381 625 malunt
392 565 478 623 deesse
492 565 540 643 qui
551 566 668 642 publica
681 566 720 623 rei
733 585 798 644 pro·
864 560 874 582 “

57 650 121 722 sant,
142 649 225 728 quim
240 647 293 707 esse
307 647 357 726 qui
378 647 464 705 obsint
482 647 545 706 suae.
589 647 689 706 Donec
704 664 797 708 autent

57 732 128 789 alios
148 732 313 808 aequiparare
335 728 408 807 poffe
427 741 539 807 putant,
565 727 697 786 occultitis
717 743 798 806 atque

57 810 189 869 remiffiis
202 809 343 868 invident:
361 828 446 886 quum
460 805 524 866 verti
540 808 688 879 longissimi
699 809 796 884 relisli,

55 892 261 969 comparatione
274 889 425 967 propinqui
438 889 463 946 se
477 889 566 965 premi
578 889 703 959 sentiunt,
721 892 796 967 opes-

57 992 114 1050 que
127 978 154 1030 &
166 972 332 1043 magistratus
347 989 416 1048 quos
429 969 476 1045 ipsi
489 968 620 1040 sitiebant,
633 989 716 1047 penes
730 971 797 1032 alios

54 1052 130 1121 esse3
151 1052 228 1130 quod
245 1052 345 1109 virtute
365 1049 546 1133 desperarunt,
567 1070 615 1127 per
634 1050 797 1113 calumniam

57 1137 86 1189 de
100 1133 302 1191 criminationes
316 1131 463 1189 meliorum
476 1131 602 1208 consequi
616 1132 731 1193 student.
754 1134 798 1194 Ita

59 1212 91 1269 fn
105 1225 137 1270 ut
150 1214 256 1291 optimo
274 1213 372 1289 cuique
390 1212 480 1290 plures
495 1212 598 1269 inimici
615 1213 675 1284 fint,
696 1213 798 1292 plures·

60 1310 124 1370 quas
137 1292 237 1350 insidiae
250 1293 400 1352 struantur.>
412 1292 458 1350 sed
472 1291 616 1350 adversim
630 1295 677 1352 has
691 1295 798 1354 homini

58 1371 197 1445 indigenae
211 1374 239 1431 in
257 1373 455 1452 propinquis&
469 1373 562 1431 amicis
576 1374 628 1432 suis
641 1376 797 1454 praesidium

59 1453 116 1512 est:
137 1455 295 1533 peregrinus
309 1453 363 1510 hoc
379 1453 480 1512 auxilio
493 1454 644 1526 destitutus,
665 1458 797 1518 malitiam

56 1532 225 1605 degenerum
255 1534 408 1591 animorum
430 1533 503 1591 acuit
521 1534 575 1610 ipsi
597 1535 724 1595 facilitate
746 1557 797 1596 no·

56 1615 150 1687 cendi,
175 1613 250 1692 qudd
273 1614 457 1671 insidiantibus
478 1616 564 1686 magis
585 1616 730 1691 expositus,
751 1620 797 1678 vel

56 1696 144 1753 everti
158 1696 225 1753 citra
243 1696 396 1753 maximum
413 1694 534 1752 laborem
552 1696 647 1772 potest,
669 1697 713 1754 rel
731 1698 798 1759 citra
818 1694 822 1700 ’

57 1777 211 1854 periculum
225 1774 338 1833 offendi.

99 1857 204 1916 XXX.
234 1855 423 1935 Xanthippum
448 1854 531 1928 igitur
554 1854 614 1915 haec
638 1855 797 1930 sagaciffime

54 1935 237 2016 perpendisse,
258 1957 319 2015 quae
334 1938 440 2014 sequuta
455 1937 514 1995 sunt
528 1938 666 1997 evidenter
678 1940 795 2000 affirma·-

56 2031 133 2076 runt.
169 2017 388 2088 Abnavigantem
403 2018 475 2074 enim
490 2038 540 2095 per
554 2020 682 2096 quosdam
697 2019 712 2078 ἒ
725 2023 794 2082 Cat‘-

55 2097 266 2170 thaginienfibus
284 2097 414 2155 immissos
432 2096 597 2156 submersum
614 2100 715 2171 ferunt,
737 2090 795 2178 post

56 2194 201 2258 acceptum
227 2179 389 2237 beneficium
416 2176 487 2234 illius
513 2179 652 2236 auctorem
679 2184 794 2252 gravatis

55 2259 211 2340 exosisque:
233 2280 289 2338 quo
304 2257 432 2316 exstinsio
445 2257 546 2315 samam
559 2259 640 2316 etiam
653 2262 795 2336 peregrini

56 2341 158 2400 virtute
182 2341 289 2399 servatae
312 2339 425 2398 civitatis
452 2334 641 2417 exspiraturam
667 2341 794 2400 credide·-

19 2449 22 2452 ·
55 2423 119 2481 rint.
154 2421 213 2480 Alii
235 2421 270 2478 de
292 2420 348 2478 fato
369 2419 519 2498 Xanthippi
538 2437 595 2479 non
614 2421 727 2481 eadem:
748 2417 795 2482 sed

56 2502 190 2562 Punicam
206 2515 298 2560 tamen
314 2501 455 2579 perfidiam
469 2517 594 2574 arguunt.
616 2502 707 2562 datam
719 2504 792 2564 enim
823 2510 825 2514 “

56 2582 199 2641 discessuro
219 2601 317 2641 navem
336 2597 457 2639 veterem
477 2584 652 2642 &rimarum
671 2586 792 2662 plenam,

56 2664 102 2723 sed
115 2664 151 2722 ad
165 2663 281 2742 speciem
297 2661 469 2721 firmitudinis
486 2663 579 2721 recins
595 2667 723 2742 picatam.
745 2684 792 2724 ce·

55 2744 146 2803 terum
164 2746 255 2802 virum
271 2763 442 2822 nequaquam
459 2741 655 2820 decipientibus
671 2742 792 2818 facilem,

55 2821 239 2884 animadversi
262 2823 372 2895 fraude,
401 2823 592 2882 dissimulanter
617 2823 690 2881 aliud
716 2826 792 2885 navi·

56 2905 137 2979 giurn
154 2904 344 2976 conscendisse,
365 2921 542 2981 ereptumque
562 2904 683 2982 periculo
704 2906 764 2968 esse.

98 2985 212 3047 XXXI.
233 2985 303 3044 Non
324 2985 437 3043 minoris
457 2983 592 3061 perfidia,
618 2985 663 3043 sed
682 2987 719 3046 ob
740 3007 791 3049 nu·

55 3081 168 3152 aterum
185 3080 389 3149 peremptorum
407 3065 572 3129 crudelitatis
587 3065 653 3129 odio
671 3067 793 3151 superior
