1956 3736
153 111 228 188 ‘272
324 111 353 187 J.
390 110 756 169 Fertusrrrrrrr

75 256 108 304 υ.
120 259 148 307 c.
169 264 235 304 cum
250 258 324 323 perte
338 245 476 321 copiarum
491 243 630 320 praemisri.
657 238 717 322 Qi
730 245 846 304 vanitate
856 263 897 302 re-

87 326 143 378 5¹6·
169 345 242 396 corr,
264 346 348 403 quum
367 325 523 400 perterritos
544 325 662 382 adventu
681 325 731 382 suo
746 326 847 383 Corsos
861 326 898 382 vi·-

77 390 147 515 ξίἓ
170 405 256 474 disset,
277 425 364 480 neque
386 404 512 474 consulis,
539 406 615 479 cujus
637 404 764 482 auspiciis
785 418 898 474 veneni,

168 504 257 577 neque
279 482 401 558 suijuris
423 501 469 542 aut
488 484 542 584 lpci
563 504 682 555 memor,
709 487 793 578 certis
813 485 898 578 condi-

167 564 295 721 {llll
301 564 528 702 ll‘dri'drllii'
529 563 638 701 liri?
644 584 774 720 3531?
782 580 898 716 illl:

169 725 210 783 At
233 725 322 782 varus
346 745 410 782 curn
431 724 551 781 exercitu
572 724 679 800 reliquo
698 724 899 801 supervenient,

167 803 261 863 fnrstra
276 804 455 862 Claudianum
474 824 569 881 pacem
588 805 749 863 invocantes
765 808 850 864 armis
862 827 898 863 ur·

163 904 233 956 -gere
257 905 315 942 non
337 884 428 954 desiit,
456 883 543 941 donec
570 883 597 941 in
622 885 786 960 potestatem
809 885 899 944 rededi

169 965 239 1024 sunt.
267 967 378 1023 Senatui
392 964 427 1021 ad
440 963 605 1022 liberandam
619 964 744 1040 perfidiae
756 967 825 1023 notri
837 985 899 1024 ren·

171 1045 319 1122 publicam,
340 1045 422 1103 soedae
443 1045 516 1122 pecie
535 1044 673 1101 auderem
693 1045 789 1102 Curiis
809 1046 901 1103 deden-

170 1125 239 1183 dum
259 1125 378 1183 censuit:
405 1124 514 1194 deinde,
535 1124 598 1201 quin
616 1138 743 1200 receptus
764 1146 824 1184 non
845 1141 901 1196 erat,

170 1206 200 1262 in
214 1205 322 1281 publice
335 1205 452 1262 custodia
466 1205 555 1262 necari
564 1203 644 1279 jullit.
674 1205 811 1264 Censores
826 1208 849 1263 is
863 1226 902 1262 an·

168 1305 222 1342 nur
236 1285 330 1342 habuit
345 1285 383 1341 1..
395 1285 554 1342 Cornelium
571 1283 608 1343 L.
623 1284 657 1340 F.
673 1284 726 1341 Ti.
742 1285 785 1344 N.
807 1287 901 1343 Lentu·

168 1364 226 1421 lum
240 1364 405 1434 Caudinum,
421 1366 460 1438 Q.
473 1364 613 1422 Lutatium
629 1364 665 1419 C.
679 1365 715 1423 F.
731 1365 767 1424 C.
787 1365 831 1423 N.
844 1367 901 1423 Cet·

169 1463 285 1503 concur:
307 1445 356 1521 qui
370 1443 479 1502 lustrum
496 1448 558 1502 non'
567 1442 762 1518 condiderunt,
784 1446 899 1524 QCer·

168 1544 237 1583 cone
252 1525 280 1583 in
292 1524 444 1596 magistratu
459 1539 578 1583 mortuo.

209 1606 282 1665 XII.
303 1607 467 1684 Qanqunm
481 1606 527 1664 M.
537 1602 668 1662 Claudius
682 1602 794 1663 deditus
807 1605 899 1675 Cursu,

168 1685 269 1744 deinde
285 1685 416 1762 supplicio
432 1685 542 1743 affedlus
563 1684 660 1755 suerat,
681 1704 739 1741 non
759 1685 824 1745 ideo
844 1707 899 1763 per·

169 1765 271 1823 suaderi
288 1765 405 1823 barbaris
420 1766 520 1842 potuit,
538 1765 609 1839 justo
622 1763 648 1821 se
662 1765 755 1840 postea
769 1766 841 1824 bello
856 1784 898 1841 pe-
939 1826 942 1836 ,

168 1846 231 1902 titos
244 1845 329 1900 fuisse.
364 1845 456 1919 Qrare
470 1844 570 1900 saucios
582 1864 616 1901 eo
631 1842 727 1901 dolore
742 1847 847 1904 animos
859 1846 897 1902 vi·.

167 1924 235 1979 ciuae
250 1922 378 1978 Sardiniae
392 1938 483 1979 motus
496 1922 575 1980 facile
589 1925 714 2000 impulit,
733 1939 766 1983 ut
783 1927 818 1986 nd
832 1943 898 1982 arnta

168 2001 325 2060 resumenda
343 2000 505 2079 prosilirent.
540 2002 618 2061 Nam
636 2003 736 2061 Sardos
757 2007 897 2064 Poenorum

168 2083 274 2146 occulta
295 2083 421 2160 promisse
439 2098 573 2141 traxerant
592 2083 627 2142 ad
648 2085 828 2144 rebellionem
846 2105 896 2144 εα-

167 2163 307 2241 ptandam,
329 2163 492 2241 proclivibus
511 2164 547 2221 ad
564 2165 618 2222 hoc
635 2164 768 2237 barbaris,
789 2167 840 2243 qui
853 2186 898 2223 nec

168 2245 284 2303 nimiirm
304 2244 417 2300 odiffent
431 2259 535 2301 veteres
555 2244 696 2315 dominos,
714 2265 767 2303 nec
784 2261 898 2304 amarent

167 2344 262 2383 novos.
300 2325 371 2400 Qae
385 2326 485 2381 Romae
504 2324 594 2382 audita
612 2339 689 2382 metu
707 2324 733 2382 dr
750 2325 790 2384 irt
803 2327 896 2403 imple-

166 2421 263 2462 verunt
283 2404 392 2476 urbem,
411 2424 468 2462 non
488 2403 525 2460 ob
546 2403 709 2475 Sardiniam,
730 2426 815 2483 quarn
836 2407 897 2464 tanti

164 2503 220 2541 uon
235 2483 378 2553 faciebant,
392 2484 438 2540 sed
448 2485 510 2561 quie
524 2483 626 2542 bellum
639 2485 775 2544 Punicum
788 2486 894 2545 videba-

165 2578 209 2621 tur
222 2562 329 2620 renasci.
365 2564 450 2638 Qrod
467 2565 530 2639 quia
543 2563 647 2622 facilius
663 2564 788 2623 futurum
805 2565 895 2625 crede·

166 2645 241 2715 bant,
262 2643 458 2721 quantocitius
476 2637 650 2720 inciperetur,
670 2644 797 2704 invalidis
811 2647 899 2704 adhuc

165 2723 181 2782 ἒ
202 2725 335 2802 superiore
360 2720 431 2780 bello
454 2722 730 2794 Carthaginienfibus,
759 2727 894 2804 quampri-

165 2805 244 2863 mum
257 2803 443 2863 adornandum
455 2802 681 2881 inferendumq'ue
696 2804 788 2873 Poenis
803 2805 894 2866 decre·

164 2901 269 2942 verunt.

202 2965 292 3024 XIII.
313 2966 355 3025 At
366 2965 464 3025 Poenos
477 2964 608 3044 quidlibet
619 2964 714 3046 potiit
725 2985 759 3029 eo
771 2979 898 3047 tempore
