1956 3736
182 141 372 200 Surorum.
395 142 500 201 L.XI.
524 143 680 202 Lrvrnu.
760 164 794 222 ις

65 272 154 330 Iorum
173 271 310 348 disciplina
328 271 403 328 fadis
423 270 503 349 quim
522 272 612 330 verbis
631 273 794 350 promptior,
803 293 832 336 U.
844 277 874 339 c,

65 372 150 430 quum
163 352 297 428 explicare
309 351 410 423 fingula
421 353 553 428 nequiret,
562 352 684 423 Tantum,
697 354 794 429 inquit,
812 359 877 419 46ι·Ι

64 452 187 507 agrorum
202 435 265 506 cepi,
287 445 316 495 ut
323 432 434 506 solitudo
440 434 649 506 sutorafoerit,
671 433 720 507 niti
732 446 793 489 tan·
805 425 832 466 A.
841 425 887 481 cu

63 526 117 570 turn
136 516 217 570 etiam
231 511 360 576 bominum
376 512 505 586 ropiffertt:
527 526 629 569 tontum
646 527 732 570 autem
746 513 793 570 bo·
813 499 877 559 Ἢ

62 598 170 664 otiorum,
193 605 223 648 ut
243 596 383 650 interituri
394 595 472 667 farne
484 594 605 666 suerint,
626 594 675 669 nist
690 607 797 651 tanturn

63 673 176 749 cepiffem
195 670 231 730 ἔθ’
245 692 375 746 agrorum.
410 672 512 730 Sabinis
532 693 625 748 pacem
646 674 795 746 orantibus,

62 754 162 811 veteris
184 752 232 810 sub
254 754 338 810 Tatio
360 752 491 808 affinitatis
512 753 657 823 memorii,
683 754 796 829 &quia

61 833 176 891 mirrime
199 832 324 901 gravibus
346 832 416 888 odiis
438 845 569 888 certatum
589 831 685 901 fuerat,
711 835 792 890 etiam

60 914 166 982 civitas,
188 911 233 968 sed
245 912 298 970 stne
310 911 444 981 suffragio,
466 911 527 966 data
541 911 587 968 est.
623 911 796 984 Consulatfis,

60 1013 145 1067 quern
159 1011 230 1047 anno
243 992 367 1066 sequente
380 993 426 1048 M.
441 990 566 1048 Valerius
580 991 715 1047 Corvinus
729 1011 792 1047 curn
802 1015 868 1062 Ue.

61 1071 242 1149 QCaedieio
258 1071 369 1128 Noetua
386 1070 469 1140 geffit,
491 1071 577 1127 tenuis
594 1069 744 1146 admodum
758 1065 866 1136 ad'0463.

59 1171 111 1208 nos
129 1151 201 1209 fama
220 1151 358 1226 pervenit:
380 1150 428 1208 nifi
446 1147 521 1227 qudd
534 1151 581 1208 sub
596 1151 670 1209 idem
685 1144 866 1227 tempusffi

60 1231 181 1289 colonias
202 1230 331 1287 deduebes
352 1230 403 1288 effe
423 1232 528 1307 reperio
550 1232 682 1301 Castrum,
703 1236 728 1288 δι
746 1233 789 1290 Α-
809 1202 865 1266 ²⁸9⁴

58 1311 159 1382 driarn,
180 1310 253 1369 unde
270 1312 339 1367 mari
353 1330 468 1381 nomen,
490 1311 625 1381 &Senam
638 1312 667 1368 in
680 1311 791 1370 Gallico

25 1464 28 1469 .
58 1410 135 1461 agro.
178 1391 378 1448 Verumtamen
403 1390 525 1447 nondum
549 1392 664 1468 eousque
689 1392 792 1468 pacatis

57 1471 112 1528 illis
130 1468 297 1540 regionibus,
318 1470 404 1540 magis
418 1471 465 1540 est,
485 1484 517 1527 ut
530 1471 656 1534 accedam
673 1471 800 1529 auetori-

57 1551 110 1609 bus
129 1551 200 1620 aliis,
221 1550 269 1625 qui
287 1550 455 1608 coloniarum
476 1549 583 1606 istarum
604 1550 735 1620 originem
754 1549 792 1620 ad

56 1629 187 1689 inferiora
202 1646 323 1706 tempora
336 1630 493 1688 retulerunt.
528 1640 529 1644 ’

99 1710 221 1772 XXIII.
244 1709 297 1766 Sed
316 1712 344 1767 in
363 1710 429 1773 urbe
449 1709 604 1768 co'e'rcendis
623 1729 684 1788 quae
701 1709 789 1776 incre·

57 1789 176 1852 buerant
196 1789 334 1852 maleficiis
355 1809 443 1846 novus
466 1791 632 1861 magistratus
657 1791 792 1860 institutus¹

58 1870 107 1940 est,
127 1869 176 1946 qui
188 1869 303 1926 vinculis
315 1870 430 1927 sontium
444 1871 586 1943 servandis,
606 1877 642 1942 δι,
660 1891 746 1948 quum
760 1891 789 1928 a·
858 1896 861 1903 ·

56 1948 223 2007 nimadverti
236 1964 382 2026 oporteret,
403 1950 531 2028 supplicio
549 1951 678 2028 sumendo
695 1952 789 2009 audio·

57 2048 103 2086 res
122 2041 202 2104 atque
218 2029 401 2086 moderatores
419 2032 571 2105 praeessent:
593 2032 727 2088 triumviri
744 2051 789 2086 ca-

56 2108 153 2186 pitales
164 2108 298 2185 appellati.
323 2109 404 2180 Legis
416 2109 430 2166 i
443 2112 478 2168 L.
488 2111 594 2185 Papirio
607 2110 714 2165 tribuno
728 2109 789 2183 ple-

57 2187 101 2245 bis
115 2208 149 2245 eo
164 2189 198 2245 de
213 2189 322 2259 negotio
335 2189 394 2246 latae
410 2191 467 2246 hese
482 2190 563 2266 uerba
575 2188 701 2244 invenio:
718 2187 789 2259 Qi-

57 2287 157 2344 rurrquo
170 2281 275 2344 praeror
289 2268 393 2343 posthac
402 2270 495 2342 fartos
508 2271 572 2337 erit,
594 2271 652 2341 poci
668 2270 738 2322 inter
752 2269 789 2320 ci·

58 2352 158 2426 oesjus
170 2349 248 2420 dicet,
270 2350 394 2423 tresviros
411 2349 532 2424 capitales
546 2347 665 2422 populum
682 2357 789 2418 rogato:
861 2372 864 2377 ·

57 2432 128 2504 rique
140 2431 261 2499 tresviri,
283 2434 425 2504 quicunque
430 2431 505 2504 fatti
519 2423 613 2499 erunt,⁴
621 2427 789 2502 sacramenta

57 2513 181 2582 migrato
190 2508 387 2585 judicantoqoe,
407 2511 535 2586 eodemque
544 2513 610 2587 juro
620 2509 710 2582 sunto,
733 2511 788 2566 otei

56 2608 93 2648 rx
105 2590 203 2662 legibus
219 2589 349 2664 plebeique
358 2590 435 2663 scitis
447 2595 561 2663 exigere,
573 2590 706 2666 judicare,
727 2589 787 2662 effe·

56 2688 105 2744 qut
118 2680 228 2744 oportet.
255 2670 320 2745 Qro
334 2669 420 2744 eapite
434 2671 594 2727 muletarum
607 2688 716 2745 quoque
731 2668 789 2723 exi·

56 2748 208 2818 gendarum
226 2750 339 2824 potestas
356 2749 415 2823 ipsrs
430 2749 491 2807 data
504 2748 620 2805 videtur.
634 2748 788 2818 sacramen-

55 2842 111 2890 tum
132 2829 210 2888 enim
232 2829 265 2885 iis
286 2829 452 2904 temporibus
472 2827 563 2884 vocari
584 2827 692 2895 solebat,
714 2825 789 2903 quod

56 2929 146 2986 poenae
160 2910 275 2967 nomine
289 2909 454 2985 pendebatur
466 2928 513 2978 aes,
528 2907 656 2984 quoniam
671 2907 736 2963 illud
752 2907 792 2967 ob

54 2989 194 3050 fictorum
209 2989 381 3066 publicorum
395 2987 610 3128 multigudinenr,
623 2993 648 3047 &
661 2989 794 3063 angustias

509 3088 529 3128 2
