1956 3736
207 143 265 224 196
356 142 781 220 incrusurum

114 299 147 344 u.
159 302 187 347 ς,
208 271 417 353 persequendam
431 271 631 349 impedimenti.
663 256 878 331 Consultantihus
891 287 926 327 er·

122 379 182 426 497.
208 377 244 428 go
263 356 353 414 Poenis
374 352 441 430 quid
459 352 597 424 agendum
616 352 690 424 edet,
712 353 828 415 deorum
846 350 927 409 homi-

115 431 143 476 A.
158 435 184 479 C·
206 455 326 511 numque
340 433 423 492 fidem
435 434 577 506 invocans,
597 454 632 493 ne
646 450 702 492 tarn
721 435 876 512 praeclaram
888 448 927 489 oe·

124 507 179 558 ²55·
202 517 340 574 talionem
361 515 519 593 perderent,
544 516 578 573 ad
603 516 728 592 praelium
751 514 929 593 capessendum

204 616 303 654 omnes
328 597 437 674 immrlit
463 617 498 655 eo
523 597 643 667 facilins,
669 594 746 674 qudd
766 597 815 673 ipsr
842 595 929 653 milites

207 678 358 755 Xanthippi
380 696 482 736 nomen
507 678 693 750 inclamantes,
717 676 824 736 insoliti
848 674 930 734 alacri·

205 772 260 817 tate
280 760 385 818 hostem
403 758 476 817 ultro
495 760 647 837 poscebant.

248 841 348 900 XXV.
369 841 482 898 Summi
498 842 581 912 igitur
600 840 639 898 rei
656 839 786 916 Spartano
806 833 932 916 permissi,

164 950 171 964 .
207 921 300 980 educit
326 921 372 980 ille
398 921 557 991 exercitum,
583 921 740 998 instruitque
763 919 819 977 hoc
846 917 932 978 modo.

207 1003 328 1062 Phalanx
349 1001 625 1074 Carthaginiensium,
652 1002 755 1078 inqua
780 1000 865 1058 robur
888 1009 933 1058 erat

207 1085 354 1164 peditatds,
375 1085 404 1141 in
426 1082 546 1140 subsidiis
564 1082 740 1142 constituitur.
762 1081 840 1153 huic,
861 1080 933 1159 spatio

119 1221 121 1225 .
206 1166 303 1223 relidio
317 1165 504 1235 conveniente,
519 1177 703 1241 praetexuntur
717 1162 866 1240 elephanti,
881 1161 933 1222 fim-

208 1245 274 1323 plici
288 1246 352 1303 serie
369 1243 539 1302 latitudinem
554 1244 693 1321 phalangis
713 1259 894 1322 exaequantes.
912 1242 934 1298 in

207 1338 324 1402 utroque
339 1344 425 1382 cornu
438 1324 560 1401 expediti
574 1345 637 1383 curn
652 1324 799 1402 equitibus,
821 1325 880 1402 post
891 1325 934 1381 hos

207 1405 238 1462 in
258 1403 355 1463 dextro
375 1407 603 1464 mercenariorum
621 1407 708 1476 gravis
729 1421 864 1464 armatura
883 1404 934 1463 col·

207 1485 322 1544 locatur.
365 1485 435 1542 Acie
458 1485 493 1542 fic
519 1487 639 1544 ordinati
662 1487 789 1544 velitibus
814 1488 934 1564 imperat,

208 1568 250 1625 uti
267 1566 326 1625 telis
345 1560 440 1624 emissis
460 1565 484 1622 se
503 1568 632 1644 recipiant
650 1567 677 1623 in
696 1565 803 1644 apertos
823 1567 934 1625 adhunc

207 1648 287 1708 usum
303 1646 414 1724 suorum
434 1647 560 1706 ordines:
583 1653 608 1704 δι
628 1649 702 1705 hoste
719 1651 778 1722 jam
798 1646 813 1705 ἰ
830 1648 933 1706 validio-

208 1729 284 1787 ribus
308 1743 423 1806 excepto
446 1728 548 1786 rursum
572 1743 743 1804 erumperent
765 1728 781 1786 ai
802 1729 932 1797 cornibus,

159 1822 164 1832 ³
209 1808 455 1883 Romanorumque
474 1827 539 1866 cum
552 1807 660 1866 adversa
674 1809 807 1885 phalange
821 1827 933 1887 puguan-

208 1886 278 1944 tium
298 1887 380 1943 latera
397 1887 507 1963 repente
526 1888 697 1948 incursarent.
740 1891 865 1963 Regulus
879 1909 934 1947 con·

208 1962 250 2023 tri
268 1966 354 2042 copiis
372 1985 406 2024 ex
427 1986 505 2025 more
522 1968 664 2041 instrudlis‚
685 1990 772 2047 quum
789 1973 933 2049 elephantos

208 2045 240 2106 in
264 2046 352 2124 prima
377 2048 525 2106 Poenorum
548 2050 605 2107 acie
631 2052 726 2108 slantes
753 2053 933 2130 conspexisset,

208 2127 351 2187 consilium
362 2129 483 2187 celeriter
495 2131 576 2206 capit.
592 2130 687 2189 leviter
700 2148 820 2191 armatos
832 2134 862 2192 in
870 2133 933 2192 fron·
974 2182 976 2191 .

209 2221 268 2269 tem
282 2209 408 2269 adducit:
431 2210 459 2267 in
473 2210 591 2269 subsidiis
607 2211 678 2268 locat
695 2211 793 2271 densos
807 2215 934 2286 legionum

208 2291 334 2350 ordines:
358 2291 462 2368 equites
480 2292 509 2349 in
528 2311 628 2350 cornua
647 2291 849 2359 diffunduntur.
869 2295 899 2354 fit
912 2311 933 2350 a·

209 2373 266 2430 cies
280 2373 308 2429 in
326 2371 495 2431 altitudinem
512 2372 601 2445 firma,
622 2373 668 2432 sed
685 2374 774 2432 multo
790 2375 873 2454 quim
884 2376 933 2434 fue·

209 2465 251 2508 rat
265 2453 407 2522 angustior.
443 2453 486 2511 Ita
500 2472 586 2530 quum
601 2459 627 2511 dr
640 2455 674 2511 ab
692 2454 855 2532 elephantis,
874 2454 933 2514 &ab

209 2532 344 2608 equitibus
359 2532 475 2590 hostium
487 2533 638 2610 periculum
650 2533 724 2605 esset,
745 2537 879 2599 adversius*
888 2534 932 2596 bel·

209 2611 315 2690 suarum
329 2613 442 2690 quidem
455 2615 632 2692 irruptionem
646 2613 717 2673 reete
732 2619 881 2693 provisum,
899 2612 932 2677 sed

209 2693 239 2750 in
264 2693 331 2753 locis
357 2695 509 2769 patentibus
533 2695 647 2772 spatium
671 2697 806 2772 equitatui
832 2701 931 2760 holliun

206 2775 315 2914 ldanum,
335 2789 366 2834 ut
380 2775 562 2834 circumfundi
572 2777 714 2836 contractis
728 2780 873 2844 ordinibus
882 2775 930 2864 pos·
973 2836 976 2857 ⁴

218 2870 255 2914 et.

248 2935 363 2995 XXVI.
387 2936 514 2996 Praellum
534 2937 569 2997 ab
590 2938 740 3017 elephantis
759 2945 858 3022 erepit,
877 2953 929 3020 quos
974 2990 976 3013 ,

205 3012 238 3075 in
250 3016 390 3079 aduersum
403 3035 503 3092 agmen
515 3021 560 3095 agi
571 3020 747 3106 Xanthippus
762 3026 856 3103 justit:
875 3038 927 3086 cst·
973 3018 976 3095 Ϊ
