1956 3736
170 157 230 217 286
325 159 750 236 J.Fnrrueurar11

73 305 107 353 υ,
120 309 147 354 ς,
212 287 355 346 XXXIV.
373 287 473 357 Ingens
486 306 520 344 eo
532 303 657 363 tempore
671 287 724 344 suit
737 302 827 346 metus
838 288 893 346 Gal·-

85 384 142 427 525·
171 369 217 426 lici
232 369 306 438 belli,
327 367 361 423 de
376 387 432 444 quo
448 367 509 425 Boii
524 367 701 444 Insubresque
719 388 778 427 non
798 371 861 428 inter
877 368 894 425 le

76 444 104 481 ‘⁴‘
119 442 146 483 C·
171 447 267 521 rnodd,
287 447 429 506 sedetiam
445 468 509 505 cum
525 448 708 524 Transalpinis
727 451 838 526 populis
850 450 895 520 agi-

84 512 143 562 ἠ’
170 544 240 600 tare,
269 528 429 606 magnasque
452 529 620 586 Gaesatamm
640 528 793 588 Gallorum
818 533 896 608 copias

168 610 300 686 ssipcndio
314 608 470 667 conduxisse
486 606 648 667 serebantur.
672 609 750 680 Ergo
765 631 822 669 non
836 613 896 670 solita

168 689 254 749 modd
269 691 389 748 remedia
403 691 512 768 quaesita
526 691 595 760 sunt,
616 690 660 748 sed
677 690 761 748 etiam
776 694 810 750 iis
828 694 897 750 ratio·

168 772 248 830 nibus
267 771 340 829 malo
359 771 434 849 quod
453 771 597 829 timebatur
616 771 772 842 occursum,
794 794 858 851 quas
875 793 897 829 a·

169 853 227 930 pud
242 853 345 910 severos
363 852 479 927 judices,
500 865 598 928 praeter
611 870 735 908 amorem
757 854 859 929 patriae,
877 858 897 909 lc

166 935 198 992 in
219 936 277 1010 ejus
299 934 411 1004 gratiam
432 932 594 1010 quandoque
618 933 743 989 concessa
763 955 827 1010 quae
847 933 898 991 aliis

168 1029 339 1086 negarentur,
360 1014 428 1071 nihil
446 1012 589 1071 excusaret.
627 1013 725 1090 Qaum
743 1014 821 1072 enim
840 1035 899 1092 prae·

168 1109 211 1153 ter
231 1096 297 1152 alios
319 1114 354 1152 ex
376 1095 428 1151 diis
447 1092 653 1169 hominibusque
675 1107 807 1165 terrores,
829 1097 899 1154 etiam

167 1176 196 1233 in
207 1176 344 1252 Sibyllinis
356 1175 430 1232 libris
444 1188 580 1250 repertum
592 1173 665 1242 effer,
675 1173 770 1231 Gallos
780 1173 817 1234 ὅ
829 1178 901 1234 Gra·

169 1276 208 1314 ros
220 1258 309 1313 urbem
323 1257 464 1312 Romanam
478 1266 651 1330 occupaturos,
671 1253 709 1311 ad
724 1256 901 1331 praedidliouis

76 1368 109 1417 U·
119 1373 146 1419 α
171 1339 228 1411 ejus
239 1338 325 1394 minas
338 1335 481 1392 calliditate
492 1333 715 1403 avertendas,M.
728 1337 842 1396 Valerio
854 1339 900 1396 Μ’.

84 1437 142 1491 5²⁶·
171 1417 203 1475 F.
227 1418 273 1476 M.
296 1417 337 1475 N.
359 1416 492 1487 Messalla,
515 1417 550 1474 L.
565 1415 679 1490 Apustio
702 1416 736 1473 L.
755 1417 789 1474 F.
815 1420 849 1479 C.
866 1418 901 1475 N.

77 1501 106 1544 A.
117 1502 144 1548 0
170 1497 285 1556 Fullone
295 1496 456 1567 consulibus,
466 1517 500 1554 ex
511 1495 667 1553 auctoritate
680 1497 847 1572 pontificum
859 1500 902 1556 ho·

84 1565 142 1616 ⁸²⁶·
170 1578 258 1635 mines
273 1592 398 1656 quatuor,
419 1576 534 1633 Gallum
548 1581 574 1632 δι
589 1574 713 1648 Gallam,
734 1576 903 1658 similiterque

171 1657 305 1716 Graecum
322 1663 349 1715 ar
364 1658 495 1714 Graecam
513 1657 542 1713 in
562 1656 655 1713 medio
673 1656 737 1714 soro
753 1659 853 1716 Boario
869 1659 903 1716 vi·

169 1757 220 1795 voa
235 1738 407 1807 defoderunt,
429 1753 459 1794 ut
472 1738 511 1794 ita
523 1736 596 1812 quasa
609 1752 715 1812 partem
730 1738 849 1817 elimam
863 1760 903 1798 ut·

168 1817 211 1874 bis
225 1832 346 1875 tenentes
358 1817 506 1893 implevisse
520 1817 574 1872 fata
588 1817 758 1877 viderentur.

209 1898 335 1953 XXXV.
359 1895 490 1953 Ceterum
512 1897 557 1952 hic
578 1917 663 1954 annus
688 1898 761 1957 inter
782 1920 824 1957 ree
843 1898 901 1956 aliae

166 1995 223 2032 non
236 1995 344 2046 magnas
355 1989 481 2052 apparatu
495 1975 613 2035 maxime
627 1978 732 2036 Gallici
746 1981 822 2052 belli,
833 1978 901 2058 quod

164 2058 223 2132 jam
245 2057 369 2128 instabat,
395 2056 568 2134 consumptus
592 2059 637 2116 est.
674 2059 827 2137 Descriptae
850 2062 902 2118 sunt

167 2138 202 2194 ad
224 2138 252 2195 id
273 2138 375 2195 bellum
397 2137 520 2214 equitum
541 2139 721 2215 peditumque
742 2143 840 2217 copiae,
864 2144 901 2198 iu-

167 2218 290 2275 credibili
310 2237 435 2287 numero,
457 2218 512 2274 total
533 2239 582 2294 pro
598 2219 733 2277 Romanis
749 2222 827 2280 ltalial
841 2242 900 2279 con·

148 2297 305 2356 sentiente.
343 2300 379 2367 Q.
397 2298 493 2354 Fabius
515 2299 665 2369 historicus,
687 2301 735 2377 qui
758 2303 838 2360 rebus
859 2323 899 2373 ge·

166 2379 260 2437 tundis
279 2379 410 2447 interluit,
433 2379 528 2435 effedia
546 2379 621 2436 fuisse
635 2379 726 2436 scribit
740 2398 899 2440 armatorum

165 2461 318 2528 octingenta
332 2459 430 2516 millia:
453 2460 641 2516 Romanorum
656 2461 771 2537 quidem
784 2465 898 2540 Campa-

166 2558 320 2614 norumque
341 2559 469 2608 numeru,
496 2541 619 2614 peditum
641 2542 769 2617 explente
790 2544 898 2602 ducenta

168 2619 345 2697 quadraginta
367 2621 429 2675 osio
450 2620 535 2677 millia
556 2620 698 2692 ducentur,
719 2625 844 2701 equitum
862 2626 898 2681 vi·

165 2701 234 2770 giuti
248 2701 291 2757 sex
303 2699 387 2757 millia
402 2701 553 2757 sexcentos:
576 2718 663 2758 cetera
675 2704 827 2763 multitudo
842 2707 897 2764 reli·

165 2800 283 2855 quorum
303 2781 388 2837 Italiae
410 2781 574 2857 populorum
593 2781 653 2840 suit.
691 2784 785 2842 Etiam
802 2787 898 2844 Veneti

164 2879 196 2914 ac
212 2862 364 2918 Cenomani
382 2862 479 2919 auxilia
496 2861 628 2920 dederunt
643 2863 789 2936 Romanis,
811 2867 896 2925 homi·

163 2957 231 2994 num
246 2941 331 2998 millia
344 2942 451 3013 viginti,
472 2943 520 3018 qui
530 2943 588 3017 juffi
603 2944 661 3000 sunt
674 2944 807 3005 finitimos
821 2949 897 3006 Boios

162 3032 239 3075 metu
252 3021 398 3081 &damnis
412 3023 446 3081 ad
461 3024 574 3101 patriam
592 3023 720 3084 tuendam
735 3046 846 3103 cogere,
866 3047 902 3088 ue
