1956 3736
89 136 92 141 '
173 150 232 216 epo
326 134 354 214 J.
389 133 750 230 qurrrnatrr

73 284 149 339 mc,
167 263 238 337 sunt,
263 262 336 341 isque
356 262 386 318 iu
405 276 543 317 carcerem
563 256 703 330 conditus,
729 256 904 319 Mamertinia

85 348 146 416 4⁸⁸·
168 346 272 405 factum
284 340 532 419 comprobantibus.
569 341 613 399 Ita
630 340 731 418 partim
745 337 824 412 delo,
845 359 905 419 par·

76 420 107 467 4
119 420 150 472 ⁶·
168 428 219 486 titn
237 440 339 484 terrore
359 422 577 492 circumventus,
602 438 690 501 quum
710 420 763 479 alia
783 421 905 480 conditio

83 482 146 547 μ*
166 507 239 566 nulla
253 505 326 575 esset,
347 522 408 561 arce
423 502 599 562 Mamertinis
613 501 730 574 reddita,
751 500 904 582 praeiidium

165 586 302 646 deducere
315 585 425 644 coaetus
439 584 486 643 est.

207 666 359 726 XXVIII.
381 664 461 724 Poeni
481 682 511 722 rc
531 661 670 741 comperti
690 663 768 742 supra
790 663 904 724 modum

165 747 334 820 caeternum,
359 766 446 824 quum
468 745 579 822 alioqui·
590 744 675 803 duces
695 744 755 803 suos
778 746 818 804 ob
837 745 904 803 maie

165 828 277 889 consilia
296 827 471 907 quantumvis
488 825 617 903 prospero
634 840 735 884 eventu
752 828 851 904 punire
863 822 904 886 so·

167 910 265 983 Ierent,
288 909 370 968 simul
390 908 528 967 stultitiam
550 907 706 986 Hannonis,
728 904 811 965 simul
830 908 904 979 igna-

166 991 243 1052 eiam
255 991 417 1062 accusantes,
428 989 458 1047 in
469 1006 579 1046 crucem
591 987 719 1046 miserum
732 987 904 1047 sustulerunt:

168 1077 196 1133 δι
213 1069 346 1134 continui
365 1070 473 1129 navales
491 1066 674 1162 terrestresque
695 1069 788 1145 copias
806 1069 904 1128 Messa·

168 1162 585 1303 tentasses&
599 1149 907 1302 Misisti

168 1316 257 1374 misso.
301 1312 353 1371 Ille
375 1312 474 1370 coatus
493 1311 528 1370 ad
550 1309 707 1388 Lilybaeum
730 1312 820 1390 copiie
839 1312 906 1370 Seli·

168 1410 283 1454 aruntem
302 1393 465 1470 progressus,
492 1391 631 1472 castrisque
652 1391 691 1450 ibi
710 1392 800 1464 saetis,
826 1391 905 1470 pede·

167 1476 249 1536 {Item
272 1473 422 1533 exercitum
444 1472 573 1551 reliquit:
599 1471 655 1551 ipse
679 1472 803 1550 proceflit
826 1475 906 1546 Agri-

167 1571 294 1630 gentum,
310 1560 336 1614 se
350 1573 410 1613 arce
424 1553 604 1625 communita,
620 1553 754 1630 populum
766 1554 905 1626 Carthagi-

168 1637 305 1697 niensibus
321 1637 451 1706 amicum,
472 1634 508 1693 ad
521 1633 676 1692 societatem
688 1654 831 1694 armorum
842 1655 906 1694 eon·

169 1732 211 1776 tra
225 1720 367 1777 Romanos
381 1715 500 1793 impulit.
543 1714 620 1772 Hinc
634 1715 663 1772 iu
676 1715 759 1774 castra
774 1716 906 1776 reversum

168 1813 326 1876 repererunt
340 1798 374 1854 ab
387 1796 512 1852 Hierone
525 1795 616 1866 legati,
632 1797 680 1872 qui
694 1801 720 1852 sc
735 1797 791 1874 ipse
804 1798 905 1856 Roma·

168 1896 268 1935 norum
292 1880 322 1934 in
341 1875 460 1933 Siciliam
482 1875 591 1932 transltu
613 1875 728 1934 minime
745 1877 836 1951 letus,
856 1881 905 1938 hot

166 1955 291 2015 maxime
318 1969 503 2033 opportunum
532 1968 641 2034 ternpus
664 1957 823 2033 judicabat,
854 1978 905 2038 quo

170 2037 322 2112 conjundiia
343 2035 450 2095 Punicis
468 2034 581 2108 viribus,
602 2042 628 2095 sc
647 2038 696 2114 ipfi
715 2043 742 2096 sc
759 2039 906 2100 Meffinam

166 2119 325 2179 obunentea
343 2117 448 2176 barbari
462 2117 572 2196 penitus
590 2136 626 2176 ex
646 2118 730 2178 insula
748 2123 906 2181 extermina

171 2213 275 2262 rentur

213 2281 326 2340 XXIX.
348 2278 446 2358 Itaque
461 2279 601 2357 colloquio
617 2299 682 2338 cum
698 2280 906 2358 Carthaginicns

65 2394 70 2402 ·
172 2362 245 2420 duce
265 2362 368 2432 habito,
390 2380 476 2437 quum
497 2361 603 2438 utrique
624 2359 755 2420 Messanae
775 2385 906 2445 occupan-

167 2443 219 2500 -dae
238 2441 283 2518 spe
303 2439 469 2514 excidissent,
491 2439 569 2499 facile
590 2441 719 2500 adversius
740 2445 905 2516 Romanurn,

169 2537 353 2598 utrorumque
371 2523 428 2598 pani
446 2522 547 2580 damno
560 2521 806 2599 supervenientem,
828 2528 906 2586 socie·

96 2673 100 2680 .
166 2617 258 2661 -tatcm
285 2602 467 2674 instituerunt,
494 2618 525 2661 ut
550 2603 700 2662 Messanam
727 2610 907 2667 communiter

174 2682 337 2754 obsiderent,
357 2700 447 2761 neque
461 2703 627 2762 quemqnam
639 2686 668 2742 in
683 2686 785 2762 Sicilia,
806 2690 857 2749 nisi
868 2700 908 2748 aut

175 2764 343 2843 Syracusani,
362 2778 408 2822 aut
423 2765 518 2824 Punici
528 2767 608 2841 jurie,
623 2765 674 2824 esic
689 2782 856 2844 peterentur.
876 2772 907 2830 ita

110 2846 116 2853 “
176 2846 276 2905 Poenus
298 2846 459 2923 imperator,
487 2847 622 2923 praemisso
645 2848 841 2924 caduceatore,
866 2849 907 2930 qui

176 2925 328 2998 Romanos,
354 2927 374 2985 st
396 2926 654 2998 Carthaginiensium
676 2932 759 2989 amici
780 2934 833 2993 esse
855 2933 905 2991 vei-

175 3004 242 3079 lent,
263 3007 414 3086 relinquere
428 3008 590 3083 Messanam,
611 3008 720 3072 &intra
733 3016 906 3096 praestitutum
