1956 3736
162 199 201 259 52
314 177 753 266 J.,U'lisa,arusrrsrrrr-

73 312 105 367 υ,
116 314 142 358 c.
165 309 327 384 conjellans,
347 299 529 362 abstinendum
544 300 592 358 srbi
610 299 744 376 praelioin
758 296 893 375 prasentia

83 388 141 436 47²·
154 387 308 466 judicavit:
330 390 355 442 δι
373 383 544 440 νίἂίπιειωηι
563 396 624 439 exta
642 379 818 455 parum-lata
833 398 893 436 cau·

74 443 140 551 ᾖξ’
165 471 243 536 satus,
262 465 411 524 exercitum
427 463 456 518 in
473 462 564 531 castra,
583 465 610 518 lc
623 458 699 529 inde,
720 479 819 530 magna
831 477 893 517 eum

134 537 140 548 ¹
163 548 254 624 praeda
277 550 303 602 ἃ
324 543 494 621 captivorum
518 541 640 612 agmine,
669 540 828 608 Tarentum
852 556 893 599 re·

163 627 251 685 duxit.

208 705 296 764 XIV.
323 704 457 774 Romani,
483 703 537 780 quiv
551 699 687 758 durilsnno
712 713 839 777 ternpore
861 699 893 758 de

152 785 308 853 ¹constantia
319 783 362 841 sua
372 784 440 840 nihil
453 782 615 852 remiserant,
627 780 671 838 sed
686 780 721 838 de
734 781 819 838 totius
833 779 894 838 belli

150 882 263 926 ¹eventu
277 866 380 940 semper
394 863 495 939 amplas
510 862 566 938 spes
581 866 606 917 δι
621 861 755 918 orationes
771 858 893 931 magnii·

165 967 209 1004 eas
223 946 379 1014 habuerant,
401 944 511 1020 praemia
524 941 629 998 virtutis
643 955 701 998 tum
715 938 836 999 maxime
850 951 893 997 ce·

163 1027 291 1084 lebranda
301 1025 360 1094 rati,
377 1024 412 1081 L.
425 1022 540 1092 AEmilio
552 1021 673 1078 Barbulae
685 1020 723 1077 ob
734 1041 778 1079 res
790 1022 820 1078 in
831 1039 893 1078 etur·

152 1107 249 1179 ‚sulam
269 1105 352 1176 gestas
370 1102 546 1159 decreverunt
565 1100 752 1176 triumphum:
774 1101 848 1177 isque
861 1099 895 1159 de

166 1185 333 1252 Tarentinis,
352 1182 526 1251 Samnitibus,
544 1184 569 1236 δι
582 1181 745 1252 Sallentinis,
766 1182 815 1257 qui
829 1181 896 1238 inter

165 1265 262 1322 auxilia
277 1261 488 1320 Tarentinorum
504 1260 619 1331 fuerant,
641 1260 679 1318 A.
692 1259 733 1318 D.
750 1261 810 1319 VI.
829 1260 894 1317 Idus

152 1344 303 1420 ,Qrintiles
322 1340 509 1416 triumphavit.
545 1341 600 1396 Sed
620 1340 650 1398 P.
662 1339 775 1398 Valerio
795 1339 894 1415 consuli

165 1423 305 1492 negotium
327 1420 432 1490 datum,
453 1434 483 1476 ut
501 1420 624 1476 Setinum
641 1420 671 1476 in
692 1439 788 1490 agrum
800 1418 894 1493 'abdu-

147 1503 215 1558 :ens
242 1500 373 1559 exercitiis
398 1501 461 1557 viui
486 1499 623 1575 reliquiis,
651 1499 732 1556 castra
759 1501 894 1571 muniret,

150 1641 154 1648 ,
165 1581 339 1658 hiememque
351 1579 397 1637 sub
412 1580 526 1657 pellibus
539 1598 617 1651 agere
631 1591 750 1650 cogeret.
787 1579 839 1638 Per
851 1599 894 1638 ea·

151 1661 231 1724 :dem
247 1676 368 1737 tempora
385 1681 469 1735 quum
484 1659 518 1716 de
533 1659 644 1735 captivis
658 1659 688 1715 in
705 1658 796 1736 semtu
814 1661 895 1731 agita·

165 1755 224 1798 turn
245 1741 317 1810 esset,
339 1739 470 1796 redimine
489 1757 535 1796 eos
556 1739 683 1815 placeret,
704 1737 750 1807 ista
768 1738 895 1800 sententia

151 1821 260 1877 tenuit.
283 1817 364 1875 credo
378 1817 513 1893 praecipui
528 1818 639 1876 movisse
653 1818 758 1875 animos
772 1820 894 1896 equitum

151 1897 263 1967 casum,
284 1916 353 1971 quos
367 1897 472 1953 fortiter
485 1896 622 1954 sustentati
635 1897 725 1974 pugni
737 1897 827 1957 donec
841 1900 893 1959 ele·

149 1975 259 2052 ,phanti
283 1975 405 2045 aberant,
432 1973 532 2033 horum
556 1977 713 2053 superventu
739 1975 895 2038 consternati

149 2056 229 2132 ,equi
244 2055 299 2113 fine
315 2053 370 2126 ulla
386 2054 512 2113 sessorum
525 2057 605 2132 culpa
617 2056 761 2116 caedendos
776 2060 893 2122 vincien-

163 2135 266 2213 dosque
283 2135 403 2193 hostibus
423 2136 600 2213 praebuerant.
643 2137 716 2196 Milli
735 2137 795 2197 sunt
816 2139 894 2217 huju

150 2217 268 2294 ⁸negotii
288 2215 362 2273 cauli
387 2215 529 2293 praecipua
552 2217 714 2287 dignationis
738 2218 836 2290 legati,
862 2220 892 2280 P.

165 2296 308 2354 Cornelius
322 2295 474 2366 Dolabella,
496 2297 635 2355 Senonum
648 2297 736 2355 deleti
750 2313 831 2368 gente
844 2319 894 2357 no·

149 2375 237 2452 bilis,
262 2377 300 2434 C.
315 2376 452 2432 Fabricius
472 2376 613 2447 Luscinus,
635 2378 826 2454 QAEmilius
846 2381 892 2440 Pa-

148 2474 225 2530 ¹pus,
245 2456 294 2531 qui
307 2453 415 2530 biennio
433 2454 494 2511 ante
509 2456 619 2528 collega
636 2459 664 2515 in
678 2458 816 2516 consulatu
834 2459 892 2518 fue-

161 2547 230 2590 rani.

147 2667 150 2674 ,
202 2612 272 2671 XV.
295 2611 399 2687 Pyrrho
418 2609 433 2670 i
450 2627 542 2685 natura
559 2635 718 2687 magnorum
739 2614 892 2676 anirnonun

145 2692 272 2755 ⁴indivisa
291 2712 384 2750 comes
400 2693 484 2751 inerat
502 2693 669 2753 humanitas:
691 2696 737 2754 sed
750 2697 821 2754 hanc
834 2717 891 2756 am·

161 2773 264 2831 bitione
278 2788 406 2843 aurrerat,¹
418 2793 507 2831 errore
520 2774 678 2850 pervulgato
692 2777 826 2836 ministras
839 2777 890 2836 inr-

145 2854 229 2926 ,perii
245 2853 356 2911 virtutes
378 2852 429 2910 elle
449 2867 557 2930 putans,
578 2854 622 2924 cui
643 2855 690 2911 uni
710 2856 890 2934 intemperan-

160 2929 254 2989 tillime
272 2932 388 3003 deditus,
409 2933 591 3007 hucrationes
608 2934 665 2990 suas
683 2953 779 2994 omnes
793 2937 888 2995 refere-

140 3006 216 3081 ,ban
249 3011 286 3072 Et
303 3032 457 3093 quanquam
471 3012 580 3074 audaciai
597 3011 715 3095 bellique
728 3005 830 3118 salibus
840 3008 887 3075 ne-
