1956 3736
197 171 383 231 Surrexit.
406 167 441 230 L.
454 168 536 230 XIX.
559 162 721 231 Livian.
771 182 826 250 24'3

88 295 280 371 neglexissent,
305 296 443 357 occasione
464 313 619 376 temporum
640 299 673 357 ad
694 299 905 377 popelinae,

88 379 142 435 dos
154 397 233 450 agros
246 379 375 457 urbesque
388 379 529 455 capiendas
542 394 671 438 uteretur.
695 379 825 438 Ceterum
843 395 900 447 504·

86 478 124 517 ne
137 459 186 517 hic
199 460 313 538 quidem
331 460 438 517 fortuna
454 461 550 536 creptis
568 461 666 520 adsuit.
688 461 780 519 misus
794 481 824 520 o·
835 452 862 495 Α·
873 455 901 501 C·

86 540 146 598 nim
164 537 550 618 aipioineninioerorum
569 541 678 616 injuriis
697 562 763 600 cum
777 562 824 599 ur.
845 506 902 577 24‘·

86 619 159 678 bano
178 622 265 680 milite
283 636 393 699 praetor,
414 621 450 680 de
469 620 584 680 successu
600 621 702 680 consilii
721 623 759 681 sui
774 623 824 681 de-

86 700 237 778 sperantem
264 703 351 760 redire
376 703 405 760 iii
430 703 550 760 Siciliam
575 703 717 780 compulit.
763 703 824 762 Ubi

85 801 173 858 quum
192 785 372 842 mercenarius
391 784 471 841 milei
490 782 649 840 seditionem
670 784 821 856 excitasset,

84 859 163 938 quod
183 864 312 941 stipendia
331 884 388 921 non
406 863 592 930 solvebantur;
614 864 715 920 multos
734 883 769 921 ex
788 884 822 921 eo

82 960 200 1001 nurnero
219 947 248 1002 in
268 945 378 1002 desertis
397 944 487 1001 insulis
508 943 640 1019 exposuit,
666 943 767 1000 multos
787 944 822 1001 ad

73 1024 317 1102 penimsemifit
337 1024 540 1095 Carthaginem.
569 1042 652 1100 quam
672 1041 731 1080 rem
751 1043 822 1094 aegre

82 1103 231 1164 serentibus
254 1103 375 1184 reliquie,
396 1103 466 1163 adeo
485 1103 544 1163 suat
564 1102 708 1181 exasperati
725 1103 821 1176 animi,

72 1182 116 1242 Fut
136 1186 275 1245 manifesta
296 1185 414 1244 desesiio
434 1186 571 1256 omnium,
599 1189 625 1242 dc
645 1185 735 1243 ereo
754 1187 821 1244 novi

82 1263 151 1321 belli
165 1267 278 1324 amieria
293 1268 457 1326 timentum*
479 1265 533 1325 Sed
545 1266 574 1333 in
588 1269 714 1344 tempore
727 1265 820 1324 Anii:

80 1362 145 1416 car,
170 1345 299 1405 succeffo'r
321 1347 478 1406 Carthaloni
501 1347 590 1418 datae,
606 1345 724 1404 advenit
737 1349 752 1405 ι’
771 1360 820 1405 tu·

81 1426 297 1505 multuantesque
310 1428 394 1486 nosiu
406 1428 528 1498 adortus,
545 1428 612 1486 alios
625 1428 736 1499 occidit,
751 1427 819 1488 alius

79 1504 210 1564 demersit
223 1507 309 1575 niari3
330 1522 434 1566 ceteros
447 1509 556 1567 veniam
570 1522 691 1585 petentes
709 1509 738 1567 in
757 1525 818 1578 gra-

68 1586 150 1661 ·tiain
164 1587 393 1666 concordiamque
405 1587 515 1664 recepit.
546 1588 606 1646 Hic
619 1587 656 1644 esi
669 1586 715 1643 ille
728 1587 820 1646 Bercae

68 1665 267 1739 ‘cognomento
284 1681 366 1726 notui
380 1667 513 1739 Amilcar,
533 1686 590 1745 quo
604 1666 749 1739 ¹meliorem
766 1666 818 1726 du-

70 1768 144 1808 cem
159 1749 297 1822 carisiago
311 1767 369 1808 non
379 1748 484 1820 habuit,
501 1747 606 1807 stimma
620 1747 818 1834 incomparabi-

68 1829 124 1902 lia,
144 1831 194 1890 nisi
207 1827 524 1902 Annibalemgenuiil'et.
684 1876 688 1882 .
778 1878 783 1884 .

66 1954 73 1965 .
122 1913 268 1973 XXXIIIL
298 1915 341 1971 Ex
362 1933 395 1972 co
418 1910 551 1990 tempore·
567 1909 661 1971 durius
681 1910 817 1973 Romania
897 1964 903 1974 .

78 1989 184 2047 bellum
198 1993 256 2048 sieri
267 1996 361 2070 coepit.
380 1995 468 2052 statim
480 1994 555 2052 enirn
568 1992 659 2052 sedato
675 1997 816 2053 mercena-

79 2069 185 2128 riorum
203 2085 292 2141 motu,
313 2092 377 2128 cum
399 2072 474 2128 classe
493 2073 529 2128 ad
549 2073 657 2129 Italiam
676 2072 815 2131 devastan-

66 2149 144 2208 ÷dam
158 2152 296 2229 professus
311 2150 443 2221 Amilcar,
463 2150 639 2208 Locrensium
653 2156 679 2207 tc
694 2153 814 2211 Bruttio·

77 2251 141 2290 rum
152 2252 230 2303 agros
242 2231 295 2290 late
307 2231 450 2308 populatus
464 2232 510 2288 est..
534 2230 573 2286 At
585 2230 716 2301 Romani,
728 2252 814 2308 quum

67 2310 212 2371 {Hieronis
228 2311 382 2390 Syracusani
402 2311 522 2382 regiain
538 2329 586 2367 eoi
604 2312 727 2370 'cutisiana
738 2312 814 2372 sdes

68 2392 105 2450 ,ἃ
123 2413 221 2466 magna
242 2395 372 2452 exstarent
392 2392 501 2463 merita,-
520 2391 626 2450 remisso
645 2392 747 2452 tributo
765 2394 814 2451 an'-
833 2456 837 2461 ,

75 2491 134 2530 nuo
147 2475 222 2552 quod
242 2475 328 2552 priori
345 2473 451 2532 soedere
467 2473 635 2549 pepigerant,
655 2480 814 2554 perpensam

76 2571 143 2611 cum
168 2575 201 2611 eo
225 2555 380 2613 societatem
407 2552 608 2630 amicitiamque
634 2555 810 2616 sanciverunt.

77 2632 194 2691 interim
207 2636 329 2693 Amilcar
343 2653 377 2693 ex
390 2634 469 2692 Italia
480 2633 598 2693 reversus
610 2637 639 2694 in
651 2635 749 2694 sinibus
760 2639 811 2694 Pa·

76 2714 236 2773 normitanis
259 2715 426 2773 exscensione
445 2715 528 2785 neti,
556 2715 625 2774 inter
645 2717 812 2774 Panormum

74 2794 236 2870 &Erycem
255 2797 342 2852 eastris
362 2797 455 2852 locum
472 2796 545 2872 cepit
562 2797 656 2854 naturs
670 2797 812 2854 munitissi-

66 2893 164 2932 mum.
202 2875 327 2952 Epiereie
348 2878 461 2933 vocatur
478 2895 559 2933 mons
581 2879 657 2935 omni
677 2897 713 2936 eir
736 2894 812 2957 parte

65 2953 215 3031 abruptus,
235 2956 282 3035 qui
297 2977 331 3016 ex
344 2955 504 3015 circumfusa
516 2959 629 3030 regione
643 2961 672 3017 iii
685 2978 812 3032 magnam

74 3035 246 3100 altitudinem
268 3039 296 3099 se
317 3040 412 3114 erigit,
438 3056 496 3182 app
518 3041 594 3102 tenui
615 3039 813 3117 sossium-sed

512 3141 529 3184 2
