1956 3736
167 118 228 162 220
318 99 350 178 J.
385 99 792 164 Furrnsueurs·

73 249 144 299 vc
168 251 219 291 non
236 233 269 292 ab
283 231 331 290 illa
348 227 462 300 sertim,
475 227 528 303 sei
542 231 575 288 ab
590 234 659 290 omni
671 229 829 308 miseriame
843 231 886 286 rita
931 282 937 313 ,Ι

84 328 142 377 50²·
170 333 236 371 mors
248 313 379 372 liberabit.
416 310 499 368 Nihil
513 315 598 387 igitur
611 312 753 370 timendum
768 310 886 387 effeviim

74 383 103 426 Α·
118 382 146 430 ⁰·
167 408 272 453 mertem
288 411 338 450 nm
356 396 469 451 timenti.
491 411 568 468 quam
585 396 664 450 etiam
682 406 806 469 occupare
820 392 885 450 licet:

84 457 140 503 ’μ’
168 471 204 532 {⁸5
217 473 347 550 fustem,
372 475 421 552 nist
441 478 498 531 viri
515 474 586 549 effer,
607 477 713 531 vincere
728 472 817 548 potiris
835 472 889 530 dolr-

166 573 232 626 rem‚
254 554 332 630 quim
351 557 474 630 effugere.
504 555 562 612 'Sed
576 553 634 612 baee
643 567 731 631 pauca
745 551 783 612 Θ
799 549 890 629 confusa

167 636 222 693 ideo
237 637 307 707 dixi,
328 650 358 694 ue
376 657 420 694 ves
434 654 514 712 neque
526 635 652 694 dimoveri
670 655 710 692 me
724 636 796 711 poffl
809 635 827 693 ἃ
839 636 890 709 sm·

167 721 253 775 tentia
265 717 391 790 scireei53
412 736 492 794 neque
508 719 589 772 vicem
607 735 688 772 meam
707 717 782 774 velut
797 716 892 774 bominis

167 793 327 874 infelicis&
339 798 478 874 ealemitrfi
489 797 681 870 misererrmirei.
702 796 771 854 mibi
784 795 893 854 verimi

169 877 266 953 confilii
286 892 341 936 tota
361 882 430 937 ratio
441 878 537 953 facilis
551 874 586 935 ἔθ’
602 879 716 952 constans
733 879 780 954 est.
804 885 894 940 namet

170 959 358 1034 Carthaginem
372 972 506 1029 revertar,
528 957 558 1015 id
573 955 639 1014 mibi
657 957 729 1015 debet
749 957 801 1032 effe
816 976 895 1016 erere:

169 1043 235 1119 qnid
246 1041 367 1116 paffierus
388 1042 425 1097 ibi
436 1039 503 1117 fim,
528 1043 580 1095 erit
601 1037 660 1097 diis.
699 1039 792 1097 Aiunt
814 1041 895 1114 etiarn,

170 1143 226 1201 quo
247 1122 379 1178 efficacius
398 1133 521 1179 moveret
542 1118 705 1192 dubitantes,
726 1119 894 1188 confirmasse,

165 1201 316 1280 priusquam
330 1200 492 1273 Cartbagine
501 1199 613 1274 dimsffles
625 1200 695 1275 estet,
708 1200 765 1275 fibi
781 1217 896 1260 venenum

170 1278 275 1341 Punici
291 1282 393 1355 fraude
414 1281 512 1351 datum,
533 1281 600 1356 quod
615 1277 688 1338 lenti
704 1283 776 1356 peste
795 1282 897 1360 spiritus

170 1363 265 1420 vitales
275 1362 393 1433 exedens,
397 1359 480 1436 felii
489 1364 680 1436 permutatione
691 1363 841 1436 restitutum
846 1361 896 1438 suis

168 1443 333 1519 corisumeret.
682 1480 685 1488 ·

213 1523 327 1583 LXIV.
350 1522 520 1582 Horribilem
534 1519 601 1581 veri>
613 1523 641 1579 in
656 1522 710 1581 hoc
725 1524 788 1583 viro
800 1521 903 1588 ¹virtutis·

172 1605 363 1672 constantiani
381 1604 439 1681 qui,
460 1603 528 1661 dum
542 1603 575 1661 ab
588 1604 699 1662 honesto
713 1625 771 1663 non
785 1605 892 1668 discede·

170 1701 223 1758 ret,
244 1685 431 1755 contumelias,
452 1684 595 1754 cruciatus,
621 1700 751 1758 mortem,
772 1683 894 1764 quidquid

172 1765 289 1841 denique
314 1764 502 1822 abominantur
528 1765 667 1837 homines,
699 1768 797 1842 majori
821 1784 894 1843 prope

171 1842 345 1904 contentione
363 1843 488 1918 sequutus
507 1844 554 1913 est,
575 1844 657 1921 quim
677 1845 721 1903 alii
739 1848 892 1906 vitaverant:

170 1925 231 1985 utili
248 1923 404 1981 mortalibus
423 1921 601 1996 documento,
623 1946 666 1984 eas
685 1926 791 1986 tantini
805 1929 892 1986 animas

171 2002 308 2086 quibusvis
326 2002 472 2062 terroribus
493 2025 580 2082 pares,
601 2005 759 2085 honestique
779 2006 892 2086 propositi

171 2087 208 2146 sd
226 2098 378 2144 extremum
398 2099 502 2142 tenaces
523 2085 585 2157 esse,
607 2106 668 2164 quse
689 2088 835 2147 nobilitatis
852 2089 892 2146 suae

169 2168 275 2228 sensum
292 2166 401 2237 habent,
422 2166 571 2243 sequenon
585 2166 620 2223 ad
635 2167 705 2225 hanc
722 2168 808 2228 modi
822 2170 892 2228 vitun

172 2263 246 2309 natus
258 2247 309 2304 esse
325 2248 516 2304 meminerunt.
529 2266 580 2303 nec
593 2247 666 2304 enim
679 2250 835 2308 acerbitates
846 2265 893 2306 tan·

173 2344 213 2389 tas
229 2329 273 2386 M.
289 2329 410 2399 Regulus
428 2325 520 2403 sponti
540 2328 696 2402 pertulisset,
718 2330 767 2387 nist
781 2346 825 2390 aut
841 2329 892 2408 pul-

172 2411 245 2470 chris
263 2408 338 2464 saiiis
349 2408 473 2484 ingentia
492 2407 549 2482 post
568 2421 686 2466 mortem
704 2410 764 2468 fore
784 2409 892 2490 prumia,

173 2505 219 2547 eut
233 2487 363 2545 sceleratis
377 2489 498 2559 ingentes
513 2508 605 2563 poenas
619 2489 783 2553 credidisset.
819 2492 893 2563 Igitur

173 2571 202 2630 in
221 2567 376 2625 senteutiam
398 2570 443 2626 M.
460 2569 560 2637 Reguli
580 2569 652 2626 sasso
673 2570 892 2638 senatusconsulto,

172 2669 259 2730 quum
275 2650 383 2706 moestos
398 2648 516 2706 &iratos
530 2647 657 2706 dominos
675 2649 730 2726 ipse
743 2653 822 2711 vultu
835 2652 893 2710 sern-

172 2753 222 2809 per
238 2729 337 2787 eodem
355 2729 515 2806 sequeretur,
536 2728 700 2806 repulsaeque
717 2732 843 2791 dolorem
856 2751 893 2808 ap·

172 2825 277 2886 pareret
294 2811 324 2867 in
344 2809 473 2868 suasorem
494 2808 553 2884 ejus
575 2809 720 2868 crudeliter
738 2814 894 2872 vindicatum

151 2935 154 2940 .
171 2891 216 2959 iri,
228 2892 306 2948 nsoti
321 2889 432 2966 quidam
445 2890 515 2961 sunt,
536 2903 567 2946 ut
580 2889 623 2948 vel
640 2891 781 2951 nolentem
799 2890 895 2954 retineri

151 2969 305 3047 ‚juberent
326 2990 412 3037 uxore
428 2983 557 3061 pretereo
574 2971 674 3045 Reguli
688 2971 809 3055 Marcii,
828 2992 895 3036 eon·
