1956 3736
150 145 344 204 Surruru.
366 139 681 207 muniamur.
726 158 785 224 227

45 280 108 356 quis
125 276 260 336 obsisteret
276 276 305 334 vi
321 289 505 355 permptums.
538 277 601 354 Jam
616 275 650 336 ab
665 276 783 338 obsidio·
795 290 826 340 U.
838 299 868 349 c,
883 312 895 321 ··

43 361 88 417 nis
103 357 240 434 principio
254 357 347 433 portis
363 357 467 416 aditum
481 358 664 418 obstruxerant
678 360 783 418 Roma·
804 371 865 415 50²·

43 441 86 508 ni,
109 438 224 496 demiffis
246 436 275 496 in
294 437 411 496 fundum
430 439 512 497 morie
529 442 647 499 cercurir
666 441 783 519 quinde-
795 426 823 470 Α·
836 428 885 475 c.-

43 521 113 591 cim,
135 538 204 597 quos
219 516 341 577 adhunc
355 517 432 577 usum
447 518 579 597 lapidibus
596 539 782 584 oneraverant.
802 499 866 548 Ψ·

43 601 129 672 igitur
144 596 244 676 partim
256 599 338 656 hostis
353 600 488 658 celeritate
500 600 669 678 deprehensi,
684 605 784 680 partim

44 695 210 750 metuentes,
235 699 269 738 ne
289 695 433 739 ventorum
453 680 481 738 vi
503 681 624 740 convulsi
642 688 668 740 δι
688 683 737 760 ipsr
753 685 784 744 in
881 720 883 725 ·

43 775 158 839 portum
177 765 202 817 δι
222 759 307 819 intuta
328 761 515 833 navigantibus
535 762 594 820 loca
615 779 783 839 raperentur,

43 841 252 900 advenientibus
277 839 397 900 hostibus
427 862 569 901 occurrere
595 843 782 912 neglexerunt.

43 921 83 980 Et
98 920 217 980 Annibal
234 935 344 998 portum
359 919 420 980 tutd
438 923 536 993 tenuit,
556 923 694 1000 copiisque
717 924 782 996 (de-

43 1023 109 1062 cem
122 1017 197 1062 erant
209 1002 294 1061 millia
308 1002 437 1076 militum)
456 1002 593 1080 expositis,
606 1022 705 1075 magna
718 1023 784 1064 cum

43 1082 140 1144 laetitia
153 1081 397 1161 Lilybaetnnorum,
418 1084 447 1142 in
461 1083 557 1141 urbem
571 1097 696 1160 acceptus
709 1085 756 1144 est.

87 1164 181 1223 VIII.
204 1164 325 1223 Romani
336 1185 422 1242 quum
432 1163 580 1236 ingressum
597 1163 714 1222 hostium
729 1165 785 1223 im·

42 1244 140 1324 pedire
161 1263 218 1303 non
239 1244 394 1323 potuillent,
420 1245 456 1304 de
475 1259 566 1303 cetero
588 1245 782 1316 consultabant,
872 1301 874 1306 .

41 1323 281 1404 quemadmodum
294 1345 376 1402 opera
392 1326 435 1384 sua
455 1339 614 1396 tutarentur,
636 1346 696 1403 quae
711 1328 783 1385 tami

41 1406 220 1467 multitudine
235 1425 371 1465 uovorum
385 1406 504 1464 militum
522 1406 628 1483 recepti
642 1407 793 1465 Himilco·.

41 1505 111 1548 uem
126 1483 481 1564 profertooppugnaturum
492 1485 544 1544 else
558 1486 697 1546 videbant.
720 1487 783 1545 Ne·

41 1586 99 1647 quc
111 1564 212 1626 fefellit
223 1584 271 1622 eor
285 1564 389 1642 opinio.
411 1565 509 1623 Poenur
524 1566 598 1626 euim
612 1565 727 1623 aliorum
741 1586 785 1624 re-

42 1647 168 1707 centibus
182 1643 297 1716 viribur,
317 1643 436 1705 aliorum
446 1644 552 1703 resectis
565 1645 683 1702 adventu
697 1644 784 1704 socio·

43 1749 108 1789 rum
126 1725 226 1787 animis
243 1725 346 1797 usurus,
367 1737 473 1785 veteres
490 1725 625 1804 novasque
644 1725 734 1802 copias
755 1727 785 1785 in

43 1808 210 1869 concionem
229 1819 326 1867 vocat:
348 1805 394 1884 spe
414 1805 536 1865 vietor-io
555 1826 587 1865 ac
605 1805 784 1883 premiorum

43 1889 80 1949 ad
94 1888 250 1950 uciundam
263 1888 436 1965 eruptionem
448 1887 579 1966 impellit:
601 1885 792 1968 dispofitisque

42 1983 76 2029 ut
97 1988 141 2027 ret
160 1967 285 2043 poscebat
304 1969 460 2047 manipulis,
487 1969 534 2028 sub
553 1970 671 2046 primum
690 1967 781 2029 luceru

43 2067 129 2128 opera
153 2048 345 2107 Romanorum
371 2048 492 2124 pluribus
517 2049 585 2108 locis
613 2049 779 2120 aggreditur.

45 2132 133 2190 Erant
145 2134 171 2188 δι
190 2125 263 2205 apud
280 2124 331 2184 hor
350 2125 577 2204 prominentia,
598 2127 705 2205 quique
718 2127 780 2204 plu.

44 2213 147 2270 timum
160 2207 276 2289 periculi
292 2205 472 2277 metuebatur,
492 2205 578 2267 firmae
591 2208 715 2265 firdones
729 2226 780 2284 op·

44 2291 148 2371 pofitae.
169 2309 234 2353 cum
248 2288 292 2348 hie
304 2288 396 2365 itaque
408 2285 549 2348 confestim
566 2307 628 2349 acre
643 2301 781 2346 certamen

44 2372 222 2432 contrahitur.
251 2368 352 2429 cedunt
373 2367 510 2445 utrimque
530 2369 621 2439 multi,
647 2387 734 2447 quum
754 2372 782 2429 dr

44 2452 143 2526 magni
164 2452 319 2511 animorum
337 2448 522 2520 contentione,
544 2455 569 2508 lc
590 2468 706 2508 numero
727 2468 782 2525 pu·

45 2534 186 2607 guantium
199 2552 258 2591 uon
269 2528 471 2590 contemnendo
485 2549 527 2589 rer
540 2543 689 2601 gereretur,
705 2527 780 2590 haud

44 2613 218 2693 paucioribus
230 2613 328 2684 viginti
341 2610 460 2672 millibus
474 2609 539 2669 urbe
554 2609 669 2681 egreffir,
681 2615 706 2669 ἃ
718 2630 779 2668 ma·

41 2698 103 2771 jore
117 2693 254 2770 aliquuno
267 2691 441 2752 multitudiue
453 2689 643 2750 obsidentium.
667 2690 779 2767 Qippe

44 2774 181 2844 consules,
207 2772 349 2832 contradis
371 2787 407 2830 ex
430 2770 517 2831 remica
540 2768 631 2830 Sicilia
655 2768 779 2843 amittis,

45 2853 186 2934 plusquim
207 2866 318 2912 centum
339 2851 424 2911 millia
443 2851 589 2911 hominum
612 2850 775 2911 effecerant:

44 2956 81 2996 ex
95 2935 204 3074 intubus,
221 2931 462 3075 gdmelffipdiendoe
480 2945 648 3077 cdomffiaitus
665 2931 779 3079 aliasqssri:

45 3028 539 3174 tir.¹t‘5t.r..u‘t‘{ltt..⁰
606 3032 690 3078 Μ
704 3033 735 3077 “¹
