1956 3736
141 169 649 231 Suueurn.L.XX.L1vrnn.
706 188 761 248 275

27 297 102 358 bello
123 299 226 357 Punico
246 298 376 377 stipendia
391 298 500 371 fecerat,
523 298 625 358 fabulas
646 297 766 376 primum
774 313 844 366 uc.

28 381 113 438 scenae
124 379 209 437 dedit.
784 381 842 437 5¹⁸·

70 460 175 518 XVII.
197 461 304 518 Interea
318 460 433 531 Ligures
446 465 471 516 dc
484 461 559 518 Sardi
572 434 663 517 denuo
675 458 763 518 rebel·
774 448 801 493 Δ·
813 450 843 497 ⁰·

28 541 113 598 lantes
132 539 285 598 consulibus
303 542 381 598 novis
400 541 548 617 provincia
567 541 690 599 decreta.
725 541 769 616 Q
785 523 842 575 ²3⁴⁶

29 620 116 680 Fabio
131 621 177 698 Q
188 622 222 680 F.
244 622 289 696 Q
300 620 343 680 N.
364 621 492 679 Maximo
508 621 661 678 Verrucoso
677 621 764 692 Ligu·
774 661 798 704 υ
815 664 836 709 c

29 701 126 759 sticum
146 700 258 771 bellum,
279 702 339 760 Μ’.
355 702 510 778 Pomponio
525 701 582 759 Μ’.
600 703 633 760 F.
649 702 705 759 Μ’.
721 700 764 761 N.
784 694 843 786 5⁸¹9:

32 782 163 840 Mathoni
177 780 310 838 Sardoum
325 780 444 839 obvenit
481 783 576 858 Qum
590 781 688 840 horum
702 801 765 839 mo·
774 793 803 838 Α.
813 797 841 840 α

30 876 111 918 tuum
125 860 200 917 causa
214 879 296 935 penes
312 860 541 930 Carthaginienses
556 860 607 917 esse
621 860 766 932 diceretur,
785 868 841 919 ²³³·

30 941 80 1018 qui
95 940 222 998 barbaros
242 939 277 996 ad
294 938 475 998 defessionem
488 940 592 996 secretis
608 940 712 997 nunciis
726 941 767 999 al-
794 962 815 1014 j

30 1021 155 1090 licerent,
176 1020 256 1091 legati
275 1019 341 1078 missi
360 1019 419 1077 sunt
434 1019 626 1090 Carthaginem
645 1039 709 1076 curn
727 1021 767 1078 as-

32 1102 104 1178 peria
119 1101 263 1171 mandatis,
278 1101 325 1179 qui
339 1100 501 1177 stipendium
517 1102 666 1171 exigerent,
687 1115 767 1178 atque

30 1182 121 1239 insulis
141 1182 174 1239 ad
196 1182 337 1240 Romanor
358 1181 553 1258 pertinentibus
575 1181 697 1238 abstineri
720 1183 767 1255 ju-

31 1261 136 1332 berent,
151 1263 215 1321 belli
229 1263 310 1320 minis
324 1261 434 1333 additis,
452 1263 482 1319 ni
493 1262 623 1338 imperata
637 1260 769 1323 fecissent.-

34 1342 97 1415 Jam
114 1361 149 1399 ex
167 1342 251 1418 priori
267 1342 416 1400 calamitate
429 1343 501 1401 vires
515 1347 541 1399 u
555 1344 675 1400 animum
691 1360 768 1398 rece·

33 1434 134 1497 perant
148 1421 235 1490 Poeni,
257 1423 402 1479 Amilcarit
423 1421 542 1480 maxime
563 1422 689 1480 industrii
710 1442 768 1480 non

33 1497 120 1557 mods)
142 1501 243 1576 pacatis
262 1501 364 1558 Africae
385 1502 503 1577 populis,
523 1502 571 1578 qui
590 1501 605 1558 i
625 1502 767 1572 Carthagi·
798 1572 800 1576 ι

33 1579 169 1639 niensrbus
184 1580 357 1650 desciverant,
377 1580 423 1637 sed
443 1582 525 1638 etiam
545 1580 623 1639 latiiu
643 1582 769 1656 promoti

34 1661 150 1731 ditione,
172 1679 326 1738 magnoque
337 1661 395 1735 jam
408 1660 438 1716 in
450 1659 580 1736 Hispania
591 1660 707 1736 imperio
719 1680 769 1736 per

34 1741 153 1800 eundem
168 1741 267 1798 ducem
281 1755 367 1818 parto.
394 1740 490 1816 Itaque
504 1754 564 1797 tum
576 1739 610 1797 ad
625 1754 713 1797 cetera
726 1739 771 1796 se-

35 1824 134 1880 rociter
153 1822 246 1894 legatis
260 1821 412 1898 responsum
426 1821 473 1892 est,
495 1820 660 1891 tumentem,
681 1839 768 1897 quum

38 1902 88 1973 illi,
110 1902 342 1979 quemadmodum
360 1903 390 1960 in
403 1901 534 1962 mandatis
555 1900 698 1973 habebant,
719 1900 768 1958 ha·

35 1984 101 2040 liam
114 1981 318 2059 caduceumque
332 1984 532 2059 proposuissent,
554 1983 615 2040 dats
629 1981 720 2040 Poenis
734 2002 768 2040 o·.

36 2062 141 2140 ptione,
161 2075 253 2118 utrum
272 2061 382 2119 mallent
398 2062 533 2130 eligendi;
554 2075 673 2117 neutram
684 2062 769 2134 selo,

32 2162 97 2218 gere
110 2140 301 2199 succlamatum
318 2141 366 2210 esi,
378 2139 429 2212 sed
445 2152 534 2200 utrum
548 2140 653 2196 mallent
667 2138 715 2213 r'pfi
729 2138 769 2195 le·
793 2171 813 2192 .

32 2227 95 2298 goti
112 2223 298 2298 relinquerent,
319 2236 391 2295 aquo
410 2222 494 2276 animo
512 2223 664 2294 accepturis.
700 2217 770 2280 Inde

37 2304 148 2376 lingnam
165 2302 256 2360 denuo
274 2312 414 2376 ooeperunt
433 2299 502 2355 inter
518 2297 587 2356 duos
604 2297 720 2375 populna
737 2319 770 2357 o·

38 2385 100 2442 dia:
121 2384 167 2441 sed
180 2397 276 2441 neutro
294 2380 396 2438 bellum
414 2377 502 2435 adhuc
519 2378 636 2456 incipere
651 2376 771 2449 volente,

38 2465 138 2541 species
160 2463 300 2532 amicitiae,
328 2460 414 2530 magia
438 2458 502 2536 quia
527 2478 583 2516 non
607 2455 770 2532 bellabatur,
794 2470 796 2474 ⁴

39 2544 122 2621 quim
136 2541 212 2620 quod
226 2543 279 2602 sida
293 2561 346 2620 pax
360 2541 433 2610 esset,
455 2541 555 2597 interea
569 2539 663 2598 tenuit.

81 2623 202 2682 XVIII.
223 2622 318 2682 Ambo
330 2621 428 2679 deinde
440 2618 558 2677 consules
570 2619 603 2675 ad
619 2618 713 2677 urbem
728 2639 770 2677 res

40 2702 119 2773 versi,
144 2722 229 2779 quum
248 2701 284 2760 de
303 2703 381 2761 rebus
402 2699 417 2758 i
437 2700 463 2758 se
487 2700 565 2770 gestio
587 2698 770 2770 disseruissent,

40 2781 211 2858 triumphum
232 2780 450 2858 impetraverunt.
491 2782 537 2856 Q
551 2779 649 2837 Fabius
670 2777 772 2835 multoc

41 2865 178 2933 Ligurum
195 2861 223 2918 in
240 2861 335 2938 praelio
352 2862 497 2931 occiderat,
518 2863 695 2934 coigeratque
709 2857 771 2915 reli·

40 2962 110 3021 quoa
124 2941 153 2999 in
165 2939 330 3017 Alpeslribus
344 2940 410 3000 locis
423 2943 448 3000 se
460 2941 610 3010 continete,
628 2953 772 3014 tutumque

39 3025 76 3084 ab
94 3021 203 3086 illorum
220 3021 365 3086 latrociniis
383 3023 504 3086 vicinum
519 3021 605 3083 Italiae
622 3018 690 3078 latus
709 3018 771 3079 red·
