1956 3736
184 138 375 204 Surrrru.
398 139 532 202 LXIV.
555 140 715 232 Lrvrru.
761 155 816 227 ιὀς

80 275 177 336 urbem
188 275 365 353 recipiuntur.
387 274 506 353 Pyrrhus
519 277 631 349 cognito
642 275 733 348 urgeri
745 274 816 348 sune,
825 294 857 344 υ,
869 297 896 344 η

80 357 177 415 urbem
196 357 289 433 &ipse
309 357 447 428 ingressus,
469 377 553 434 quum
573 357 618 415 die
634 358 692 432 jam
713 357 815 416 oriente
836 359 894 422 4⁸0·

80 436 175 516 lupum
197 441 223 494 δι
245 453 352 496 taurum
372 458 407 496 ex
429 457 493 509 aere,
518 438 678 496 certantium
702 438 774 496 inter
791 429 854 496 sess·
868 428 899 489 ⁰⁹.

81 516 184 590 habitu,
205 517 321 590 vidillet,
342 518 510 577 imminentis
528 518 576 576 fati
593 518 696 577 iudicio
715 519 815 578 exhor-
836 502 895 553 ²⁷²'

80 600 143 659 ruit.
187 599 339 656 Graculum
356 601 430 659 enim
445 613 601 670 eratuetus,
622 599 730 667 fatalem
744 598 815 658 AEa-

81 678 149 738 cidae
167 679 261 738 locum
282 679 351 751 fore,
371 679 420 738 ubi
439 695 546 738 taurum
562 700 626 738 euru
645 681 711 758 lupo
731 680 815 741 dimi-

79 775 188 818 cantem
205 759 376 837 speitaviffet.
413 761 502 831 Igitur
519 761 652 820 retrahere
667 761 769 839 copias,
790 767 817 822 dr

80 859 113 899 ex
137 840 207 898 urbe
231 839 356 898 recedere
380 842 525 911 cogitabat.
568 839 622 899 Sed
645 856 816 902 occurrentes

80 939 144 978 cum
159 920 270 978 Heleno
286 921 382 997 Pyrrhi
400 921 458 978 filio
475 919 620 979 subsidiarii
638 917 738 980 milites
759 922 815 980 ele·

79 1001 228 1079 phmtmue
248 1001 392 1061 clauserant
412 1001 533 1060 exitum:
560 1001 652 1078 hisque
671 999 700 1057 in
719 1000 816 1062 urbem

79 1079 242 1160 irrumpere,
268 1082 321 1140 illis
343 1084 417 1140 exire
435 1082 594 1154 nitentibus,
620 1101 707 1158 quum
728 1081 815 1141 hoster

79 1163 162 1220 etiarn
176 1164 274 1221 acriter
286 1162 430 1222 insisterent
444 1162 552 1221 cedenti
567 1162 663 1233 turbae,
685 1167 711 1220 δι
724 1164 753 1222 iu
767 1181 814 1220 au·

80 1242 163 1314 gustis
180 1243 286 1302 viarum
307 1243 394 1320 spatiis
411 1244 522 1316 Argivi,
544 1242 723 1315 Macedones,
745 1242 814 1321 Epi·

79 1338 158 1396 rotae,
179 1325 281 1402 quique
299 1343 364 1383 cum
376 1325 452 1386 Areo
465 1339 593 1384 venerant
607 1325 729 1404 Spartani
745 1325 816 1385 Cre·

78 1404 182 1483 tesque,
201 1403 238 1462 ad
249 1405 308 1463 haec
321 1405 455 1484 elephanti
468 1405 581 1484 quidam
595 1401 733 1465 truderent
744 1406 815 1465 inter

78 1483 103 1544 se
116 1484 354 1564 truderenturque,
375 1487 468 1544 omnia
481 1480 697 1563 trepidatione&
711 1485 815 1561 turnulq

78 1579 108 1625 tu
120 1565 310 1625 miscebantur.

117 1647 239 1708 XLIII.
255 1647 334 1706 Dum
348 1647 419 1705 inter
432 1646 492 1704 haec
504 1644 622 1724 Pyrrhus
638 1645 737 1723 ubique
747 1665 815 1704 con·

79 1725 152 1801 filiis,
163 1727 339 1799 clamoribus,
348 1747 441 1799 manu,
456 1727 559 1787 servare
572 1725 644 1798 suos,
659 1745 748 1784 arcere
762 1725 814 1784 ho-

78 1808 145 1881 stes,
171 1808 277 1880 satagit,
302 1805 436 1885 djuvene
456 1807 576 1887 quodam
598 1806 704 1880 Argivo
724 1803 816 1865 lancei

79 1888 175 1948 leuiter
187 1888 341 1948 vulneratus
361 1889 407 1959 est.
449 1889 572 1948 Matrem
590 1886 636 1946 hic
656 1887 770 1946 iubebat
785 1892 815 1944 a'-

77 1989 147 2037 num
160 1968 364 2048 pauperculam,
384 1989 445 2049 quae
459 1991 523 2029 cum
537 1969 594 2029 aliis
608 1969 765 2029 mulieribus
780 1972 815 2047 ori

78 2050 151 2110 tetto
166 2049 267 2108 domur
288 2050 411 2128 praeliurn
429 2048 558 2128 spetiano,
578 2071 664 2128 quum
679 2049 814 2126 Pyrrhum

78 2129 261 2191 intutiorem
277 2129 395 2189 vulneris
413 2129 451 2188 lui
468 2144 527 2188 toto
541 2131 645 2206 impetu
659 2128 723 2186 ferri
736 2128 814 2186 videss

78 2224 130 2285 ret,
144 2209 266 2290 periculo
279 2209 329 2269 filii
341 2210 464 2282 attonita,
485 2211 608 2286 protinus
620 2206 738 2279 tegulam
751 2214 815 2266 cor'-

78 2291 173 2371 ripuit,
194 2309 226 2349 ac
246 2289 359 2369 utrique
381 2310 462 2349 manu
481 2289 605 2348 libratam
625 2289 653 2345 in
672 2302 753 2364 caput
770 2308 815 2346 re·

78 2372 120 2442 gis
131 2370 250 2431 dernifit.
269 2371 345 2430 Turn
356 2370 505 2431 inhonorus
519 2374 544 2427 δι
558 2367 711 2428 miserabilis
726 2368 814 2427 exitus

79 2451 186 2529 Pyrrho
201 2450 264 2524 fuir,
284 2471 341 2530 quo
357 2452 491 2527 majorem
505 2449 587 2509 animi
602 2448 710 2521 robore,
731 2448 813 2531 loler3

78 2532 114 2592 tit
134 2530 319 2605 eouliliorum,
340 2530 446 2591 seientii
459 2532 499 2590 rei
517 2531 651 2604 militaris,
671 2529 815 2609 multisque

80 2627 208 2689 praeterea
218 2613 340 2689 corporis
354 2613 508 2691 ingeniique
523 2613 612 2684 bonis,
625 2626 687 2671 aetas
699 2611 744 2668 illa
758 2616 815 2669 non

79 2694 150 2754 tulit.
193 2691 248 2771 Sed
261 2693 379 2752 fruetum
393 2693 491 2752 laboris
505 2712 674 2770 operumque
693 2690 813 2776 suorum,

78 2777 276 2833 &ornamenta
287 2773 430 2845 virtutum,
451 2771 598 2831 ambitione
612 2769 749 2846 corrupit:
771 2768 814 2851 fe3

79 2853 157 2912 licior
176 2854 296 2926 futurus,
316 2850 336 2911 li
355 2852 407 2911 suis
429 2853 508 2910 rebus
528 2865 669 2910 contentus
680 2874 688 2916 ς
715 2865 814 2926 poten«

80 2930 190 2996 tilltmua
209 2948 302 2996 autem
321 2933 458 3007 omnium,
479 2928 599 3014 siquem
614 2930 643 2992 in
659 2929 814 3012 querendis

635 3066 639 3071 ·
797 3068 813 3097 ,r
