1956 3736
206 127 264 211 156
355 128 784 225 illustrarentur

109 269 183 319 vc.
248 257 336 319 LIII.
363 258 451 329 Igitur
474 259 612 317 Annibale
633 257 765 330 Gisgonis
785 257 843 317 filio
864 261 937 332 (uam

119 348 179 395 49⁰·
204 338 250 397 hie
270 339 348 396 rebus
367 339 630 410 Carthaginiensibus
649 339 796 410 Agrigenti
817 343 935 418 praeerat)

111 404 179 514 ⁴²⁶}
204 419 303 477 crebris
321 419 427 476 nunciis
445 439 528 497 opem
551 419 679 479 adversius
697 419 802 477 famem
822 426 849 478 δι
869 420 939 497 peri-

170 498 177 513 '
203 498 264 556 cula
276 497 411 575 poscente,
432 520 497 558 cum
516 501 647 559 militibus
665 500 714 577 qui
730 501 821 577 postea
837 515 938 559 contra-

202 578 239 636 sii
257 577 373 650 fuerant,
395 579 603 659 elephantisque,
624 581 729 639 Hanno
748 580 838 638 senior
856 582 886 638 in
900 582 938 638 Si-

201 658 294 717 ciliam
312 660 507 720 tranfinittitur.
527 661 651 738 peditum
669 674 744 719 erant
762 661 850 720 mlllia
862 663 937 738 quin·

201 740 937 899 qpqqpssqxssquppmmpsffiniqdqfflhqup

201 902 290 961 cleam
312 903 416 961 movit:
437 904 578 981 statimque
596 916 729 961 venerunt
749 901 786 959 ad
807 923 875 962 eum
893 901 937 981 qui

201 981 372 1043 deditionem
387 983 486 1042 Erbelli
504 985 705 1063 pollicerentur.
739 983 858 1043 Horum
874 1002 936 1061 ope·

202 1062 232 1123 ri
246 1065 357 1125 Erbelso
375 1067 489 1143 potitus,
509 1065 582 1125 unde
593 1063 721 1121 husienus
735 1061 771 1120 ad
784 1066 867 1124 castra
881 1065 940 1123 Ro:

201 1164 282 1204 mana
292 1145 391 1204 deferri
405 1160 572 1204 commeatus
585 1143 770 1214 consueverat,
791 1164 854 1205 rem
869 1143 935 1204 baud

200 1226 311 1284 minimi
321 1226 454 1284 momenti
468 1225 604 1302 perfecisse
616 1223 768 1295 videbatur,
790 1245 880 1304 quum
891 1245 935 1286 ex·

200 1305 287 1364 clusos
312 1306 388 1364 omni
411 1305 613 1383 propemodum
635 1303 762 1363 facultate
781 1307 934 1366 necessaria·

199 1405 263 1444 rum
278 1405 369 1444 rerum
382 1387 524 1444 Romanos
535 1385 609 1444 haud
623 1385 708 1444 levitis
720 1402 844 1460 urgeret,
856 1385 939 1467 quim

200 1466 235 1527 ab
254 1466 297 1524 his
319 1466 492 1540 Agrigentini
516 1467 717 1545 premebantur.
761 1468 883 1548 Jamque
903 1468 935 1528 ds

199 1547 340 1607 obsidione
360 1547 486 1607 solvenda
500 1548 679 1608 deliberatum
695 1560 754 1606 erat
771 1568 832 1608 non
847 1549 933 1622 semel,

199 1629 268 1687 nihil
288 1650 322 1688 ue
335 1629 446 1707 propiis
457 1629 568 1703 fastum,
580 1627 662 1708 quim
674 1642 705 1687 ut
713 1630 860 1701 negotium
872 1629 934 1692 itud

200 1730 251 1786 pro
269 1651 408 1788 desperato
426 1710 586 1786 abjiceretur
592 1734 602 1779 3
623 1709 671 1767 nist
691 1729 740 1768 rex
758 1710 933 1788 Syracusarum

200 1809 298 1850 omnes
318 1790 446 1848 tentando
464 1792 519 1848 vias
538 1791 663 1849 nonnihil
682 1789 816 1850 frumenti
836 1808 932 1854 cetera-

198 1888 315 1946 rumque
338 1889 431 1928 rerum
457 1868 552 1928 furtim
576 1871 749 1943 submittens,
779 1874 935 1950 praesentem·

198 1949 320 2026 Inopiam
333 1949 444 2008 modico
458 1948 569 2010 subinde
584 1952 737 2022 levamento
750 1955 902 2017 recreasset.

238 2029 326 2092 LIV.
354 2029 458 2090 Hanno
470 2051 557 2111 quum
571 2033 751 2093 Romanos&
765 2035 890 2112 penuria,
909 2039 930 2095 ir

198 2112 301 2173 morbis
324 2111 372 2191 qui
392 2113 466 2192 sequi
486 2112 588 2173 samem
609 2115 705 2188 solent,
729 2118 851 2187 graviter
870 2117 930 2176 affe·

194 2196 267 2268 lios,
292 2194 349 2254 suas
371 2191 465 2255 contri
486 2194 579 2272 copias
598 2195 702 2255 viribus
719 2196 836 2268 integris
857 2215 930 2272 agere

196 2275 397 2356 perpenderem
426 2275 537 2354 propiis
563 2275 599 2335 ad
620 2277 766 2336 Romanos
789 2280 928 2349 accedere,

196 2357 347 2436 praeliique,
368 2357 388 2416 sr
402 2356 513 2415 facultas
527 2356 645 2430 daretur,
666 2357 806 2419 fortunam
819 2360 928 2441 experiri

196 2437 295 2498 statuit.
337 2437 494 2514 Elephantis
513 2437 596 2509 igitur
612 2438 809 2518 qulnquaginta
828 2457 927 2501 cetero·

193 2538 250 2595 que
268 2531 328 2576 toto
346 2519 466 2577 exercitu
479 2518 617 2596 assumptis
631 2519 765 2578 Heraclei
783 2522 926 2600 profeslus,

197 2597 381 2656 Numidicum
402 2599 552 2676 equitatum
573 2600 724 2678 praemittit,
747 2604 797 2679 qui
816 2603 925 2663 hostium
969 2596 972 2601 ¹

195 2680 284 2740 castris
298 2678 466 2757 obequitans,
490 2679 598 2739 eliceret
609 2681 755 2740 Romanoa
768 2685 885 2762 equites,
903 2686 926 2739 st

195 2764 230 2823 in
238 2775 396 2841 praeparatas
411 2759 516 2820 insidias
530 2760 685 2821 deduceret.
724 2763 870 2839 Numidis,
890 2759 924 2824 ud

194 2844 352 2902 mandatum
367 2856 433 2914 erat,
455 2842 490 2900 ad
502 2842 583 2900 castra
596 2842 736 2902 consulum
749 2844 921 2926 contemptim

193 2923 405 3001 protelantibus,
419 2938 564 3000 erumpunt
577 2924 706 2996 Romani,
722 2928 921 3005 propelluntque
966 2994 969 3005 Ι

192 3002 336 3064 resistentes
357 3001 468 3081 primda
493 3004 592 3067 deinde
613 3004 704 3068 solutis
724 3007 867 3072 ordinibus
884 3002 920 3065 vit
