<?xml version="1.0" encoding="UTF-8"?>
<!DOCTYPE html PUBLIC "-//W3C//DTD XHTML 1.0 Transitional//EN"
    "http://www.w3.org/TR/xhtml1/DTD/xhtml1-transitional.dtd">
<html xmlns="http://www.w3.org/1999/xhtml" xml:lang="en" lang="en">
 <head>
  <title>
</title>
<meta http-equiv="Content-Type" content="text/html;charset=utf-8" />
  <meta name='ocr-system' content='tesseract 3.04.00' />
  <meta name='ocr-capabilities' content='ocr_page ocr_carea ocr_par ocr_line ocrx_word'/>
</head>
<body>
  <div class='ocr_page' id='page_1' title='image "./appendixliviana00livygoog_0425.png"; bbox 0 0 1956 3736; ppageno 0'>
   <div class='ocr_carea' id='block_1_1' title="bbox 172 136 751 215">
    <p class='ocr_par' dir='ltr' id='par_1_1' title="bbox 172 136 751 215">
     <span class='ocr_line' id='line_1_1' title="bbox 172 136 751 215; baseline -0.002 -19"><span class='ocrx_word' id='word_1_1' title='bbox 172 156 231 215; x_wconf 83' lang='lat'>290</span> <span class='ocrx_word' id='word_1_2' title='bbox 324 136 751 211; x_wconf 10' lang='lat' dir='ltr'>J Farrusnrnrr</span> 
     </span>
    </p>
   </div>
   <div class='ocr_carea' id='block_1_2' title="bbox 75 261 899 579">
    <p class='ocr_par' dir='ltr' id='par_1_2' title="bbox 75 261 898 517">
     <span class='ocr_line' id='line_1_2' title="bbox 75 261 891 338; baseline -0.001 -19"><span class='ocrx_word' id='word_1_3' title='bbox 75 277 146 324; x_wconf 73' lang='lat' dir='ltr'>uc.</span> <span class='ocrx_word' id='word_1_4' title='bbox 170 267 200 322; x_wconf 88' lang='lat' dir='ltr'>in</span> <span class='ocrx_word' id='word_1_5' title='bbox 215 265 318 321; x_wconf 85' lang='lat' dir='ltr'>hostem</span> <span class='ocrx_word' id='word_1_6' title='bbox 334 262 415 332; x_wconf 82' lang='lat' dir='ltr'>versa,</span> <span class='ocrx_word' id='word_1_7' title='bbox 436 261 547 321; x_wconf 74' lang='lat' dir='ltr'>interius</span> <span class='ocrx_word' id='word_1_8' title='bbox 565 261 696 338; x_wconf 78' lang='lat' dir='ltr'>oppositis</span> <span class='ocrx_word' id='word_1_9' title='bbox 710 264 831 321; x_wconf 87' lang='lat' dir='ltr'>invicem</span> <span class='ocrx_word' id='word_1_10' title='bbox 849 276 891 320; x_wconf 84' lang='lat' dir='ltr'>ter·</span> 
     </span>
     <span class='ocr_line' id='line_1_3' title="bbox 87 341 896 415; baseline 0.004 -18"><span class='ocrx_word' id='word_1_11' title='bbox 87 354 143 397; x_wconf 81' lang='lat'>5²7·</span> <span class='ocrx_word' id='word_1_12' title='bbox 171 347 213 415; x_wconf 81' lang='lat' dir='ltr'>gis</span> <span class='ocrx_word' id='word_1_13' title='bbox 231 347 385 402; x_wconf 80' lang='lat' dir='ltr'>colraereret.</span> <span class='ocrx_word' id='word_1_14' title='bbox 418 343 495 400; x_wconf 89' lang='lat' dir='ltr'>Nam</span> <span class='ocrx_word' id='word_1_15' title='bbox 511 343 638 399; x_wconf 90' lang='lat' dir='ltr'>videbant</span> <span class='ocrx_word' id='word_1_16' title='bbox 656 341 671 400; x_wconf 76' lang='lat' dir='ltr'>al</span> <span class='ocrx_word' id='word_1_17' title='bbox 689 344 782 402; x_wconf 88' lang='lat' dir='ltr'>fronte</span> <span class='ocrx_word' id='word_1_18' title='bbox 797 345 831 402; x_wconf 92' lang='lat' dir='ltr'>C.</span> <span class='ocrx_word' id='word_1_19' title='bbox 842 344 896 400; x_wconf 88' lang='lat' dir='ltr'>Ati·</span> 
     </span>
     <span class='ocr_line' id='line_1_4' title="bbox 77 409 898 517; baseline -0.004 -34"><span class='ocrx_word' id='word_1_20' title='bbox 77 409 146 517; x_wconf 44' lang='grc' dir='ltr'>ἓξ·</span> <span class='ocrx_word' id='word_1_21' title='bbox 160 427 237 484; x_wconf 87' lang='lat' dir='ltr'>lium</span> <span class='ocrx_word' id='word_1_22' title='bbox 256 425 365 483; x_wconf 80' lang='lat' dir='ltr'>instare:</span> <span class='ocrx_word' id='word_1_23' title='bbox 387 420 402 479; x_wconf 68' lang='grc' dir='ltr'><strong>ἒ</strong></span> <span class='ocrx_word' id='word_1_24' title='bbox 421 438 498 495; x_wconf 82' lang='lat' dir='ltr'>tergo</span> <span class='ocrx_word' id='word_1_25' title='bbox 517 422 590 499; x_wconf 89' lang='lat' dir='ltr'>sequi</span> <span class='ocrx_word' id='word_1_26' title='bbox 603 424 639 481; x_wconf 93' lang='lat' dir='ltr'>L.</span> <span class='ocrx_word' id='word_1_27' title='bbox 655 424 806 483; x_wconf 88' lang='lat' dir='ltr'>AEmilium</span> <span class='ocrx_word' id='word_1_28' title='bbox 820 444 898 481; x_wconf 88' lang='lat' dir='ltr'>nove·</span> 
     </span>
    </p>

    <p class='ocr_par' dir='ltr' id='par_1_3' title="bbox 121 485 899 579">
     <span class='ocr_line' id='line_1_5' title="bbox 121 485 899 579; baseline -0.005 -16"><span class='ocrx_word' id='word_1_29' title='bbox 121 485 145 528; x_wconf 88' lang='lat'>5·</span> <span class='ocrx_word' id='word_1_30' title='bbox 170 520 237 563; x_wconf 88' lang='lat' dir='ltr'>rant.</span> <span class='ocrx_word' id='word_1_31' title='bbox 271 505 347 562; x_wconf 88' lang='lat' dir='ltr'>Huic</span> <span class='ocrx_word' id='word_1_32' title='bbox 367 502 449 574; x_wconf 85' lang='lat' dir='ltr'>igitur</span> <span class='ocrx_word' id='word_1_33' title='bbox 467 523 501 562; x_wconf 87' lang='lat' dir='ltr'>ex</span> <span class='ocrx_word' id='word_1_34' title='bbox 515 502 694 579; x_wconf 79' lang='lat' dir='ltr'>Transalpino</span> <span class='ocrx_word' id='word_1_35' title='bbox 714 524 815 574; x_wconf 82' lang='lat' dir='ltr'>genere</span> <span class='ocrx_word' id='word_1_36' title='bbox 833 525 899 562; x_wconf 89' lang='lat' dir='ltr'>rner-</span> 
     </span>
    </p>
   </div>
   <div class='ocr_carea' id='block_1_3' title="bbox 162 583 935 2978">
    <p class='ocr_par' dir='ltr' id='par_1_4' title="bbox 163 583 935 2007">
     <span class='ocr_line' id='line_1_6' title="bbox 170 583 899 660; baseline -0.004 -17"><span class='ocrx_word' id='word_1_37' title='bbox 170 585 236 645; x_wconf 87' lang='lat' dir='ltr'>cede</span> <span class='ocrx_word' id='word_1_38' title='bbox 254 583 414 654; x_wconf 64' lang='lat' dir='ltr'>conductos,</span> <span class='ocrx_word' id='word_1_39' title='bbox 436 587 483 660; x_wconf 90' lang='lat' dir='ltr'>qui</span> <span class='ocrx_word' id='word_1_40' title='bbox 501 584 534 641; x_wconf 92' lang='lat' dir='ltr'>ab</span> <span class='ocrx_word' id='word_1_41' title='bbox 551 602 691 643; x_wconf 81' lang='lat' dir='ltr'>armorum</span> <span class='ocrx_word' id='word_1_42' title='bbox 708 584 824 644; x_wconf 88' lang='lat' dir='ltr'>nomine</span> <span class='ocrx_word' id='word_1_43' title='bbox 839 585 899 642; x_wconf 87' lang='lat' dir='ltr'>Gae-</span> 
     </span>
     <span class='ocr_line' id='line_1_7' title="bbox 169 663 900 741; baseline 0.001 -22"><span class='ocrx_word' id='word_1_44' title='bbox 169 665 229 720; x_wconf 87' lang='lat' dir='ltr'>satae</span> <span class='ocrx_word' id='word_1_45' title='bbox 243 679 385 733; x_wconf 86' lang='lat' dir='ltr'>vocantur,</span> <span class='ocrx_word' id='word_1_46' title='bbox 406 665 585 740; x_wconf 83' lang='lat' dir='ltr'>opposuerunt</span> <span class='ocrx_word' id='word_1_47' title='bbox 599 663 629 721; x_wconf 83' lang='lat' dir='ltr'>in</span> <span class='ocrx_word' id='word_1_48' title='bbox 647 664 737 739; x_wconf 87' lang='lat' dir='ltr'>prima</span> <span class='ocrx_word' id='word_1_49' title='bbox 752 667 829 733; x_wconf 86' lang='lat' dir='ltr'>acie;</span> <span class='ocrx_word' id='word_1_50' title='bbox 849 664 900 741; x_wconf 85' lang='lat' dir='ltr'>post</span> 
     </span>
     <span class='ocr_line' id='line_1_8' title="bbox 169 744 899 821; baseline -0.003 -20"><span class='ocrx_word' id='word_1_51' title='bbox 169 746 220 802; x_wconf 81' lang='lat' dir='ltr'>hos</span> <span class='ocrx_word' id='word_1_52' title='bbox 240 746 268 802; x_wconf 89' lang='lat' dir='ltr'>in</span> <span class='ocrx_word' id='word_1_53' title='bbox 289 744 408 804; x_wconf 80' lang='lat' dir='ltr'>subfidiis</span> <span class='ocrx_word' id='word_1_54' title='bbox 428 745 567 805; x_wconf 74' lang='lat' dir='ltr'>Insubres:</span> <span class='ocrx_word' id='word_1_55' title='bbox 597 758 623 801; x_wconf 86' lang='lat' dir='ltr'>at</span> <span class='ocrx_word' id='word_1_56' title='bbox 643 744 772 801; x_wconf 86' lang='lat' dir='ltr'>Taurisci</span> <span class='ocrx_word' id='word_1_57' title='bbox 793 747 899 821; x_wconf 83' lang='lat' dir='ltr'>Boiique</span> 
     </span>
     <span class='ocr_line' id='line_1_9' title="bbox 168 823 900 902; baseline -0.001 -19"><span class='ocrx_word' id='word_1_58' title='bbox 168 825 297 883; x_wconf 72' lang='lat' dir='ltr'>adversus</span> <span class='ocrx_word' id='word_1_59' title='bbox 312 825 442 883; x_wconf 71' lang='lat' dir='ltr'>Atilianae</span> <span class='ocrx_word' id='word_1_60' title='bbox 455 826 545 902; x_wconf 86' lang='lat' dir='ltr'>copias</span> <span class='ocrx_word' id='word_1_61' title='bbox 559 823 639 882; x_wconf 89' lang='lat' dir='ltr'>locati</span> <span class='ocrx_word' id='word_1_62' title='bbox 652 823 723 882; x_wconf 89' lang='lat' dir='ltr'>sunt.</span> <span class='ocrx_word' id='word_1_63' title='bbox 746 825 842 885; x_wconf 81' lang='lat' dir='ltr'>essedis</span> <span class='ocrx_word' id='word_1_64' title='bbox 856 825 900 882; x_wconf 90' lang='lat' dir='ltr'>de·</span> 
     </span>
     <span class='ocr_line' id='line_1_10' title="bbox 168 905 900 984; baseline 0 -20"><span class='ocrx_word' id='word_1_65' title='bbox 168 906 233 965; x_wconf 87' lang='lat' dir='ltr'>inde</span> <span class='ocrx_word' id='word_1_66' title='bbox 247 907 377 983; x_wconf 83' lang='lat' dir='ltr'>carrisque</span> <span class='ocrx_word' id='word_1_67' title='bbox 396 926 480 964; x_wconf 86' lang='lat' dir='ltr'>cornu</span> <span class='ocrx_word' id='word_1_68' title='bbox 499 920 643 981; x_wconf 86' lang='lat' dir='ltr'>utrumque</span> <span class='ocrx_word' id='word_1_69' title='bbox 657 905 812 964; x_wconf 82' lang='lat' dir='ltr'>vallarunt:</span> <span class='ocrx_word' id='word_1_70' title='bbox 834 926 900 984; x_wconf 81' lang='lat' dir='ltr'>prae·</span> 
     </span>
     <span class='ocr_line' id='line_1_11' title="bbox 167 984 900 1062; baseline 0.001 -18"><span class='ocrx_word' id='word_1_71' title='bbox 167 987 205 1045; x_wconf 89' lang='lat' dir='ltr'>da</span> <span class='ocrx_word' id='word_1_72' title='bbox 223 1007 286 1045; x_wconf 88' lang='lat' dir='ltr'>cum</span> <span class='ocrx_word' id='word_1_73' title='bbox 305 987 404 1045; x_wconf 91' lang='lat' dir='ltr'>idoneo</span> <span class='ocrx_word' id='word_1_74' title='bbox 422 984 544 1062; x_wconf 86' lang='lat' dir='ltr'>praesrdio</span> <span class='ocrx_word' id='word_1_75' title='bbox 558 986 681 1043; x_wconf 86' lang='lat' dir='ltr'>vicinum</span> <span class='ocrx_word' id='word_1_76' title='bbox 700 985 731 1043; x_wconf 85' lang='lat' dir='ltr'>iu</span> <span class='ocrx_word' id='word_1_77' title='bbox 747 986 849 1045; x_wconf 90' lang='lat' dir='ltr'>collem</span> <span class='ocrx_word' id='word_1_78' title='bbox 865 985 900 1044; x_wconf 91' lang='lat' dir='ltr'>s-</span> 
     </span>
     <span class='ocr_line' id='line_1_12' title="bbox 167 1064 901 1144; baseline 0 -20"><span class='ocrx_word' id='word_1_79' title='bbox 167 1067 252 1144; x_wconf 84' lang='lat' dir='ltr'>posrta</span> <span class='ocrx_word' id='word_1_80' title='bbox 271 1069 316 1127; x_wconf 86' lang='lat' dir='ltr'>est.</span> <span class='ocrx_word' id='word_1_81' title='bbox 352 1069 414 1142; x_wconf 88' lang='lat' dir='ltr'>Jam</span> <span class='ocrx_word' id='word_1_82' title='bbox 432 1065 544 1143; x_wconf 84' lang='lat' dir='ltr'>pugnari</span> <span class='ocrx_word' id='word_1_83' title='bbox 559 1065 593 1122; x_wconf 93' lang='lat' dir='ltr'>ad</span> <span class='ocrx_word' id='word_1_84' title='bbox 612 1064 752 1125; x_wconf 90' lang='lat' dir='ltr'>tumulum</span> <span class='ocrx_word' id='word_1_85' title='bbox 767 1067 803 1125; x_wconf 92' lang='lat' dir='ltr'>ab</span> <span class='ocrx_word' id='word_1_86' title='bbox 819 1069 853 1127; x_wconf 86' lang='lat' dir='ltr'>C.</span> <span class='ocrx_word' id='word_1_87' title='bbox 863 1068 901 1124; x_wconf 87' lang='grc' dir='ltr'>Α-</span> 
     </span>
     <span class='ocr_line' id='line_1_13' title="bbox 167 1147 901 1224; baseline 0.001 -21"><span class='ocrx_word' id='word_1_88' title='bbox 167 1147 228 1205; x_wconf 91' lang='lat' dir='ltr'>tilio</span> <span class='ocrx_word' id='word_1_89' title='bbox 249 1162 410 1224; x_wconf 82' lang='lat' dir='ltr'>occupatum</span> <span class='ocrx_word' id='word_1_90' title='bbox 432 1161 560 1222; x_wconf 68' lang='lat' dir='ltr'>eruperat,</span> <span class='ocrx_word' id='word_1_91' title='bbox 586 1151 611 1203; x_wconf 78' lang='lat' dir='ltr'>tr</span> <span class='ocrx_word' id='word_1_92' title='bbox 631 1165 665 1205; x_wconf 81' lang='lat' dir='ltr'>ex</span> <span class='ocrx_word' id='word_1_93' title='bbox 686 1165 721 1203; x_wconf 87' lang='lat' dir='ltr'>eo</span> <span class='ocrx_word' id='word_1_94' title='bbox 743 1149 901 1222; x_wconf 75' lang='lat' dir='ltr'>conjiciebat</span> 
     </span>
     <span class='ocr_line' id='line_1_14' title="bbox 168 1226 901 1300; baseline -0.003 -13"><span class='ocrx_word' id='word_1_95' title='bbox 168 1227 205 1287; x_wconf 89' lang='lat' dir='ltr'>L.</span> <span class='ocrx_word' id='word_1_96' title='bbox 222 1228 355 1286; x_wconf 84' lang='lat' dir='ltr'>AEmiliur</span> <span class='ocrx_word' id='word_1_97' title='bbox 372 1227 459 1285; x_wconf 84' lang='lat' dir='ltr'>adesse</span> <span class='ocrx_word' id='word_1_98' title='bbox 478 1226 625 1298; x_wconf 81' lang='lat' dir='ltr'>collegam,</span> <span class='ocrx_word' id='word_1_99' title='bbox 654 1227 733 1300; x_wconf 85' lang='lat' dir='ltr'>cujus</span> <span class='ocrx_word' id='word_1_100' title='bbox 754 1228 790 1284; x_wconf 89' lang='lat' dir='ltr'>de</span> <span class='ocrx_word' id='word_1_101' title='bbox 811 1228 901 1287; x_wconf 82' lang='lat' dir='ltr'>itinere</span> 
     </span>
     <span class='ocr_line' id='line_1_15' title="bbox 166 1305 899 1386; baseline 0 -22"><span class='ocrx_word' id='word_1_102' title='bbox 166 1308 235 1365; x_wconf 86' lang='lat' dir='ltr'>nihil</span> <span class='ocrx_word' id='word_1_103' title='bbox 249 1308 363 1369; x_wconf 84' lang='lat' dir='ltr'>habebat</span> <span class='ocrx_word' id='word_1_104' title='bbox 376 1321 559 1384; x_wconf 86' lang='lat' dir='ltr'>compertum,</span> <span class='ocrx_word' id='word_1_105' title='bbox 571 1319 753 1384; x_wconf 75' lang='lat' dir='ltr'>praeterquam</span> <span class='ocrx_word' id='word_1_106' title='bbox 766 1305 843 1386; x_wconf 76' lang='lat' dir='ltr'>quod</span> <span class='ocrx_word' id='word_1_107' title='bbox 857 1329 899 1384; x_wconf 83' lang='lat' dir='ltr'>ap-</span> 
     </span>
     <span class='ocr_line' id='line_1_16' title="bbox 166 1386 935 1464; baseline 0.005 -21"><span class='ocrx_word' id='word_1_108' title='bbox 166 1386 261 1464; x_wconf 82' lang='lat' dir='ltr'>pulisse</span> <span class='ocrx_word' id='word_1_109' title='bbox 277 1389 345 1445; x_wconf 73' lang='lat' dir='ltr'>Pilia</span> <span class='ocrx_word' id='word_1_110' title='bbox 362 1387 509 1447; x_wconf 84' lang='lat' dir='ltr'>audiverat.</span> <span class='ocrx_word' id='word_1_111' title='bbox 544 1388 631 1459; x_wconf 79' lang='lat' dir='ltr'>Igitur</span> <span class='ocrx_word' id='word_1_112' title='bbox 645 1406 681 1444; x_wconf 81' lang='lat' dir='ltr'>ex</span> <span class='ocrx_word' id='word_1_113' title='bbox 695 1401 823 1464; x_wconf 81' lang='lat' dir='ltr'>tompore</span> <span class='ocrx_word' id='word_1_114' title='bbox 838 1409 900 1447; x_wconf 87' lang='lat' dir='ltr'>con·</span> <span class='ocrx_word' id='word_1_115' title='bbox 933 1426 935 1431; x_wconf 59' lang='lat'>&gt;</span> 
     </span>
     <span class='ocr_line' id='line_1_17' title="bbox 165 1466 901 1545; baseline 0.007 -21"><span class='ocrx_word' id='word_1_116' title='bbox 165 1466 224 1525; x_wconf 85' lang='lat' dir='ltr'>filio</span> <span class='ocrx_word' id='word_1_117' title='bbox 244 1483 334 1545; x_wconf 84' lang='lat' dir='ltr'>capto,</span> <span class='ocrx_word' id='word_1_118' title='bbox 355 1469 459 1545; x_wconf 81' lang='lat' dir='ltr'>equites</span> <span class='ocrx_word' id='word_1_119' title='bbox 477 1469 536 1527; x_wconf 88' lang='lat' dir='ltr'>suos</span> <span class='ocrx_word' id='word_1_120' title='bbox 556 1466 653 1543; x_wconf 87' lang='lat' dir='ltr'>&amp;ipse</span> <span class='ocrx_word' id='word_1_121' title='bbox 676 1466 711 1525; x_wconf 90' lang='lat' dir='ltr'>ad</span> <span class='ocrx_word' id='word_1_122' title='bbox 734 1469 838 1527; x_wconf 88' lang='lat' dir='ltr'>collem</span> <span class='ocrx_word' id='word_1_123' title='bbox 858 1469 901 1531; x_wconf 85' lang='lat' dir='ltr'>ubi</span> 
     </span>
     <span class='ocr_line' id='line_1_18' title="bbox 165 1548 900 1625; baseline 0.003 -19"><span class='ocrx_word' id='word_1_124' title='bbox 165 1550 334 1625; x_wconf 77' lang='lat' dir='ltr'>pugnabatur</span> <span class='ocrx_word' id='word_1_125' title='bbox 346 1549 417 1624; x_wconf 86' lang='lat' dir='ltr'>jussit</span> <span class='ocrx_word' id='word_1_126' title='bbox 428 1568 576 1607; x_wconf 87' lang='lat' dir='ltr'>accurrere.</span> <span class='ocrx_word' id='word_1_127' title='bbox 612 1548 756 1607; x_wconf 80' lang='lat' dir='ltr'>Certatum</span> <span class='ocrx_word' id='word_1_128' title='bbox 766 1549 811 1619; x_wconf 11' lang='lat' dir='ltr'>&#39;ibi</span> <span class='ocrx_word' id='word_1_129' title='bbox 823 1551 860 1609; x_wconf 89' lang='lat' dir='ltr'>est</span> <span class='ocrx_word' id='word_1_130' title='bbox 872 1570 900 1608; x_wconf 91' lang='lat' dir='ltr'>e-</span> 
     </span>
     <span class='ocr_line' id='line_1_19' title="bbox 165 1629 901 1707; baseline 0 -20"><span class='ocrx_word' id='word_1_131' title='bbox 165 1630 265 1706; x_wconf 85' lang='lat' dir='ltr'>questri</span> <span class='ocrx_word' id='word_1_132' title='bbox 287 1631 382 1707; x_wconf 84' lang='lat' dir='ltr'>praelio</span> <span class='ocrx_word' id='word_1_133' title='bbox 403 1630 550 1700; x_wconf 85' lang='lat' dir='ltr'>acerrimo,</span> <span class='ocrx_word' id='word_1_134' title='bbox 575 1629 681 1704; x_wconf 82' lang='lat' dir='ltr'>inquo</span> <span class='ocrx_word' id='word_1_135' title='bbox 702 1633 728 1686; x_wconf 76' lang='grc' dir='ltr'>δι</span> <span class='ocrx_word' id='word_1_136' title='bbox 751 1629 786 1688; x_wconf 82' lang='lat' dir='ltr'>C.</span> <span class='ocrx_word' id='word_1_137' title='bbox 804 1631 901 1689; x_wconf 77' lang='lat' dir='ltr'>Atilius</span> 
     </span>
     <span class='ocr_line' id='line_1_20' title="bbox 164 1708 899 1786; baseline 0 -18"><span class='ocrx_word' id='word_1_138' title='bbox 164 1710 257 1769; x_wconf 87' lang='lat' dir='ltr'>consul</span> <span class='ocrx_word' id='word_1_139' title='bbox 279 1709 380 1770; x_wconf 78' lang='lat' dir='ltr'>occisus</span> <span class='ocrx_word' id='word_1_140' title='bbox 398 1711 445 1780; x_wconf 83' lang='lat' dir='ltr'>cst,</span> <span class='ocrx_word' id='word_1_141' title='bbox 466 1709 573 1786; x_wconf 86' lang='lat' dir='ltr'>ejusque</span> <span class='ocrx_word' id='word_1_142' title='bbox 591 1722 672 1785; x_wconf 86' lang='lat' dir='ltr'>caput</span> <span class='ocrx_word' id='word_1_143' title='bbox 691 1708 727 1769; x_wconf 82' lang='lat' dir='ltr'>ad</span> <span class='ocrx_word' id='word_1_144' title='bbox 741 1731 820 1783; x_wconf 85' lang='lat' dir='ltr'>reges</span> <span class='ocrx_word' id='word_1_145' title='bbox 834 1711 899 1768; x_wconf 90' lang='lat' dir='ltr'>Gal·</span> 
     </span>
     <span class='ocr_line' id='line_1_21' title="bbox 164 1790 898 1851; baseline 0.001 -5"><span class='ocrx_word' id='word_1_146' title='bbox 164 1790 256 1849; x_wconf 87' lang='lat' dir='ltr'>lorum</span> <span class='ocrx_word' id='word_1_147' title='bbox 270 1791 393 1850; x_wconf 88' lang='lat' dir='ltr'>relatum.</span> <span class='ocrx_word' id='word_1_148' title='bbox 415 1790 449 1850; x_wconf 87' lang='lat' dir='ltr'>ad</span> <span class='ocrx_word' id='word_1_149' title='bbox 464 1804 617 1848; x_wconf 84' lang='lat' dir='ltr'>extremum</span> <span class='ocrx_word' id='word_1_150' title='bbox 632 1803 725 1847; x_wconf 87' lang='lat' dir='ltr'>tamen</span> <span class='ocrx_word' id='word_1_151' title='bbox 742 1791 843 1851; x_wconf 77' lang='lat' dir='ltr'>connisi</span> <span class='ocrx_word' id='word_1_152' title='bbox 858 1807 898 1847; x_wconf 87' lang='lat' dir='ltr'>to-</span> 
     </span>
     <span class='ocr_line' id='line_1_22' title="bbox 163 1870 896 1947; baseline 0.004 -22"><span class='ocrx_word' id='word_1_153' title='bbox 163 1871 198 1925; x_wconf 79' lang='lat' dir='ltr'>tis</span> <span class='ocrx_word' id='word_1_154' title='bbox 213 1870 314 1926; x_wconf 85' lang='lat' dir='ltr'>viribus</span> <span class='ocrx_word' id='word_1_155' title='bbox 329 1870 458 1938; x_wconf 89' lang='lat' dir='ltr'>Romani,</span> <span class='ocrx_word' id='word_1_156' title='bbox 479 1870 542 1929; x_wconf 92' lang='lat' dir='ltr'>loco</span> <span class='ocrx_word' id='word_1_157' title='bbox 560 1883 677 1942; x_wconf 87' lang='lat' dir='ltr'>retento,</span> <span class='ocrx_word' id='word_1_158' title='bbox 698 1870 803 1931; x_wconf 83' lang='lat' dir='ltr'>hostem</span> <span class='ocrx_word' id='word_1_159' title='bbox 820 1891 896 1947; x_wconf 68' lang='lat' dir='ltr'>repu</span> 
     </span>
     <span class='ocr_line' id='line_1_23' title="bbox 163 1949 229 2007; baseline -0.076 0"><span class='ocrx_word' id='word_1_160' title='bbox 163 1949 229 2007; x_wconf 84' lang='lat' dir='ltr'>lere.</span> 
     </span>
    </p>

    <p class='ocr_par' dir='ltr' id='par_1_5' title="bbox 162 2027 897 2978">
     <span class='ocr_line' id='line_1_24' title="bbox 205 2027 896 2109; baseline 0.004 -23"><span class='ocrx_word' id='word_1_161' title='bbox 205 2027 288 2087; x_wconf 84' lang='lat' dir='ltr'><strong>XLI.</strong></span> <span class='ocrx_word' id='word_1_162' title='bbox 312 2027 430 2089; x_wconf 69' lang='lat' dir='ltr'>Decreta</span> <span class='ocrx_word' id='word_1_163' title='bbox 447 2028 520 2087; x_wconf 88' lang='lat' dir='ltr'>hunc</span> <span class='ocrx_word' id='word_1_164' title='bbox 534 2029 569 2087; x_wconf 86' lang='lat' dir='ltr'>ad</span> <span class='ocrx_word' id='word_1_165' title='bbox 583 2029 701 2088; x_wconf 88' lang='lat' dir='ltr'>modum</span> <span class='ocrx_word' id='word_1_166' title='bbox 716 2032 832 2109; x_wconf 78' lang='lat' dir='ltr'>equestri</span> <span class='ocrx_word' id='word_1_167' title='bbox 850 2051 896 2108; x_wconf 90' lang='lat' dir='ltr'>pu·</span> 
     </span>
     <span class='ocr_line' id='line_1_25' title="bbox 164 2108 897 2186; baseline 0 -18"><span class='ocrx_word' id='word_1_168' title='bbox 164 2110 228 2182; x_wconf 70' lang='lat' dir='ltr'>gni,</span> <span class='ocrx_word' id='word_1_169' title='bbox 249 2108 353 2186; x_wconf 82' lang='lat' dir='ltr'>pedites</span> <span class='ocrx_word' id='word_1_170' title='bbox 368 2111 535 2172; x_wconf 69' lang='lat' dir='ltr'>concurrere.</span> <span class='ocrx_word' id='word_1_171' title='bbox 571 2111 614 2168; x_wconf 93' lang='lat' dir='ltr'>Ibi</span> <span class='ocrx_word' id='word_1_172' title='bbox 628 2108 695 2168; x_wconf 72' lang='lat' dir='ltr'>vero</span> <span class='ocrx_word' id='word_1_173' title='bbox 710 2128 848 2171; x_wconf 84' lang='lat' dir='ltr'>certamen</span> <span class='ocrx_word' id='word_1_174' title='bbox 859 2113 897 2168; x_wconf 81' lang='lat' dir='ltr'>vi·</span> 
     </span>
     <span class='ocr_line' id='line_1_26' title="bbox 163 2191 897 2268; baseline 0 -20"><span class='ocrx_word' id='word_1_175' title='bbox 163 2191 243 2249; x_wconf 85' lang='lat' dir='ltr'>disses</span> <span class='ocrx_word' id='word_1_176' title='bbox 258 2210 342 2266; x_wconf 88' lang='lat' dir='ltr'>quum</span> <span class='ocrx_word' id='word_1_177' title='bbox 357 2210 471 2251; x_wconf 89' lang='lat' dir='ltr'>numero</span> <span class='ocrx_word' id='word_1_178' title='bbox 485 2208 565 2268; x_wconf 86' lang='lat' dir='ltr'>atque</span> <span class='ocrx_word' id='word_1_179' title='bbox 578 2191 676 2249; x_wconf 85' lang='lat' dir='ltr'>robore</span> <span class='ocrx_word' id='word_1_180' title='bbox 691 2193 827 2265; x_wconf 89' lang='lat' dir='ltr'>virorum,</span> <span class='ocrx_word' id='word_1_181' title='bbox 843 2207 897 2249; x_wconf 87' lang='lat' dir='ltr'>turn</span> 
     </span>
     <span class='ocr_line' id='line_1_27' title="bbox 164 2270 897 2350; baseline 0.005 -22"><span class='ocrx_word' id='word_1_182' title='bbox 164 2270 219 2347; x_wconf 72' lang='lat' dir='ltr'>ipsas</span> <span class='ocrx_word' id='word_1_183' title='bbox 238 2270 406 2346; x_wconf 77' lang='lat' dir='ltr'>dispositione</span> <span class='ocrx_word' id='word_1_184' title='bbox 428 2272 545 2330; x_wconf 82' lang='lat' dir='ltr'>acierum</span> <span class='ocrx_word' id='word_1_185' title='bbox 565 2271 700 2333; x_wconf 87' lang='lat' dir='ltr'>terribile:</span> <span class='ocrx_word' id='word_1_186' title='bbox 723 2295 812 2350; x_wconf 90' lang='lat' dir='ltr'>quum</span> <span class='ocrx_word' id='word_1_187' title='bbox 833 2274 897 2332; x_wconf 82' lang='lat' dir='ltr'>inter</span> 
     </span>
     <span class='ocr_line' id='line_1_28' title="bbox 163 2351 896 2430; baseline 0.001 -21"><span class='ocrx_word' id='word_1_188' title='bbox 163 2351 233 2410; x_wconf 80' lang='lat' dir='ltr'>duos</span> <span class='ocrx_word' id='word_1_189' title='bbox 257 2351 397 2409; x_wconf 81' lang='lat' dir='ltr'>Romanos</span> <span class='ocrx_word' id='word_1_190' title='bbox 421 2353 553 2413; x_wconf 79' lang='lat' dir='ltr'>exercitus</span> <span class='ocrx_word' id='word_1_191' title='bbox 580 2351 728 2411; x_wconf 90' lang='lat' dir='ltr'>Gallorum</span> <span class='ocrx_word' id='word_1_192' title='bbox 752 2355 896 2430; x_wconf 85' lang='lat' dir='ltr'>intercepta</span> 
     </span>
     <span class='ocr_line' id='line_1_29' title="bbox 162 2431 894 2508; baseline 0.003 -20"><span class='ocrx_word' id='word_1_193' title='bbox 162 2431 323 2500; x_wconf 88' lang='lat' dir='ltr'>multitudo,</span> <span class='ocrx_word' id='word_1_194' title='bbox 343 2432 423 2491; x_wconf 78' lang='lat' dir='ltr'>fimus</span> <span class='ocrx_word' id='word_1_195' title='bbox 438 2435 465 2491; x_wconf 87' lang='lat' dir='ltr'>in</span> <span class='ocrx_word' id='word_1_196' title='bbox 480 2433 604 2508; x_wconf 89' lang='lat' dir='ltr'>utrosque</span> <span class='ocrx_word' id='word_1_197' title='bbox 621 2432 733 2492; x_wconf 82' lang='lat' dir='ltr'>obuersa</span> <span class='ocrx_word' id='word_1_198' title='bbox 746 2434 894 2502; x_wconf 81' lang='lat' dir='ltr'>dimicaret,</span> 
     </span>
     <span class='ocr_line' id='line_1_30' title="bbox 162 2511 895 2592; baseline -0.001 -23"><span class='ocrx_word' id='word_1_199' title='bbox 162 2511 292 2582; x_wconf 79' lang='lat' dir='ltr'>ambiguo</span> <span class='ocrx_word' id='word_1_200' title='bbox 308 2511 426 2584; x_wconf 86' lang='lat' dir='ltr'>judicio,</span> <span class='ocrx_word' id='word_1_201' title='bbox 447 2513 537 2588; x_wconf 86' lang='lat' dir='ltr'>plusne</span> <span class='ocrx_word' id='word_1_202' title='bbox 552 2512 685 2589; x_wconf 75' lang='lat' dir='ltr'>prodesset</span> <span class='ocrx_word' id='word_1_203' title='bbox 700 2514 740 2571; x_wconf 85' lang='lat' dir='ltr'>eis</span> <span class='ocrx_word' id='word_1_204' title='bbox 752 2515 801 2575; x_wconf 75' lang='lat' dir='ltr'>tna</span> <span class='ocrx_word' id='word_1_205' title='bbox 814 2513 895 2592; x_wconf 80' lang='lat' dir='ltr'>praelii</span> 
     </span>
     <span class='ocr_line' id='line_1_31' title="bbox 162 2588 893 2672; baseline 0.004 -20"><span class='ocrx_word' id='word_1_206' title='bbox 162 2592 269 2661; x_wconf 74' lang='lat' dir='ltr'>forma,</span> <span class='ocrx_word' id='word_1_207' title='bbox 298 2588 373 2668; x_wconf 75' lang='lat' dir='ltr'>quod</span> <span class='ocrx_word' id='word_1_208' title='bbox 393 2611 457 2655; x_wconf 84' lang='lat' dir='ltr'>curn</span> <span class='ocrx_word' id='word_1_209' title='bbox 482 2592 571 2653; x_wconf 73' lang='lat' dir='ltr'>divisis</span> <span class='ocrx_word' id='word_1_210' title='bbox 595 2593 712 2653; x_wconf 79' lang='lat' dir='ltr'>hostium</span> <span class='ocrx_word' id='word_1_211' title='bbox 733 2596 822 2671; x_wconf 82' lang='lat' dir='ltr'>copiis</span> <span class='ocrx_word' id='word_1_212' title='bbox 846 2615 893 2672; x_wconf 86' lang='lat' dir='ltr'>pu·</span> 
     </span>
     <span class='ocr_line' id='line_1_32' title="bbox 162 2672 894 2748; baseline 0.003 -17"><span class='ocrx_word' id='word_1_213' title='bbox 162 2688 286 2745; x_wconf 76' lang='lat' dir='ltr'>girantes,</span> <span class='ocrx_word' id='word_1_214' title='bbox 308 2687 382 2742; x_wconf 81' lang='lat' dir='ltr'>terga</span> <span class='ocrx_word' id='word_1_215' title='bbox 399 2672 448 2732; x_wconf 83' lang='lat' dir='ltr'>sibi</span> <span class='ocrx_word' id='word_1_216' title='bbox 464 2673 582 2733; x_wconf 83' lang='lat' dir='ltr'>invicem</span> <span class='ocrx_word' id='word_1_217' title='bbox 601 2688 657 2729; x_wconf 81' lang='lat' dir='ltr'>tuta</span> <span class='ocrx_word' id='word_1_218' title='bbox 679 2676 848 2748; x_wconf 77' lang='lat' dir='ltr'>praestabant,</span> <span class='ocrx_word' id='word_1_219' title='bbox 868 2696 894 2733; x_wconf 87' lang='lat' dir='ltr'>e-</span> 
     </span>
     <span class='ocr_line' id='line_1_33' title="bbox 163 2752 893 2829; baseline 0 -16"><span class='ocrx_word' id='word_1_220' title='bbox 163 2755 231 2813; x_wconf 87' lang='lat' dir='ltr'>tiarn</span> <span class='ocrx_word' id='word_1_221' title='bbox 248 2752 339 2812; x_wconf 78' lang='lat' dir='ltr'>amifft</span> <span class='ocrx_word' id='word_1_222' title='bbox 352 2754 396 2829; x_wconf 93' lang='lat' dir='ltr'>spe</span> <span class='ocrx_word' id='word_1_223' title='bbox 414 2752 486 2824; x_wconf 80' lang='lat' dir='ltr'>sugae</span> <span class='ocrx_word' id='word_1_224' title='bbox 500 2753 534 2813; x_wconf 86' lang='lat' dir='ltr'>ad</span> <span class='ocrx_word' id='word_1_225' title='bbox 550 2752 738 2813; x_wconf 84' lang='lat' dir='ltr'>fortitudinem</span> <span class='ocrx_word' id='word_1_226' title='bbox 753 2756 893 2821; x_wconf 80' lang='lat' dir='ltr'>stimulati3</span> 
     </span>
     <span class='ocr_line' id='line_1_34' title="bbox 163 2831 893 2910; baseline 0.005 -19"><span class='ocrx_word' id='word_1_227' title='bbox 163 2854 198 2891; x_wconf 92' lang='lat' dir='ltr'>an</span> <span class='ocrx_word' id='word_1_228' title='bbox 210 2832 409 2902; x_wconf 71' lang='lat' dir='ltr'>veronoceret,</span> <span class='ocrx_word' id='word_1_229' title='bbox 430 2831 505 2910; x_wconf 76' lang='lat' dir='ltr'>quod</span> <span class='ocrx_word' id='word_1_230' title='bbox 520 2835 588 2891; x_wconf 86' lang='lat' dir='ltr'>inter</span> <span class='ocrx_word' id='word_1_231' title='bbox 603 2833 672 2893; x_wconf 78' lang='lat' dir='ltr'>duos</span> <span class='ocrx_word' id='word_1_232' title='bbox 686 2835 837 2895; x_wconf 83' lang='lat' dir='ltr'>consulares</span> <span class='ocrx_word' id='word_1_233' title='bbox 852 2855 893 2895; x_wconf 82' lang='lat' dir='ltr'>ex·</span> 
     </span>
     <span class='ocr_line' id='line_1_35' title="bbox 163 2913 893 2978; baseline 0.003 -7"><span class='ocrx_word' id='word_1_234' title='bbox 163 2916 263 2972; x_wconf 79' lang='lat' dir='ltr'>orcitus</span> <span class='ocrx_word' id='word_1_235' title='bbox 277 2913 394 2973; x_wconf 79' lang='lat' dir='ltr'>conclusi</span> <span class='ocrx_word' id='word_1_236' title='bbox 408 2913 574 2974; x_wconf 83' lang='lat' dir='ltr'>tenebantur.</span> <span class='ocrx_word' id='word_1_237' title='bbox 610 2913 741 2975; x_wconf 76' lang='lat' dir='ltr'>Ceterum</span> <span class='ocrx_word' id='word_1_238' title='bbox 756 2916 893 2978; x_wconf 80' lang='lat' dir='ltr'>Romanos</span> 
     </span>
    </p>
   </div>
   <div class='ocr_carea' id='block_1_4' title="bbox 161 2985 893 3076">
    <p class='ocr_par' dir='ltr' id='par_1_6' title="bbox 161 2985 893 3076">
     <span class='ocr_line' id='line_1_36' title="bbox 161 2985 893 3076; baseline 0.004 -22"><span class='ocrx_word' id='word_1_239' title='bbox 161 2994 261 3070; x_wconf 82' lang='lat' dir='ltr'>partim</span> <span class='ocrx_word' id='word_1_240' title='bbox 281 2985 419 3072; x_wconf 69' lang='lat' dir='ltr'>adspeslus¹</span> <span class='ocrx_word' id='word_1_241' title='bbox 439 2995 560 3060; x_wconf 85' lang='lat' dir='ltr'>virorum</span> <span class='ocrx_word' id='word_1_242' title='bbox 581 2993 776 3076; x_wconf 63' lang='lat' dir='ltr'>terrebat‚‚qoi</span> <span class='ocrx_word' id='word_1_243' title='bbox 798 2996 893 3062; x_wconf 67' lang='lat' dir='ltr'>eximii</span> 
     </span>
    </p>
   </div>
   <div class='ocr_carea' id='block_1_5' title="bbox 0 0 982 3736">
    <p class='ocr_par' dir='ltr' id='par_1_7' title="bbox 0 0 982 3736">
     <span class='ocr_line' id='line_1_37' title="bbox 0 0 982 3736; baseline 0 2"><span class='ocrx_word' id='word_1_244' title='bbox 0 0 982 3736; x_wconf 95' lang='lat' dir='ltr'> </span> 
     </span>
    </p>
   </div>
  </div>
 </body>
</html>
