<?xml version="1.0" encoding="UTF-8"?>
<!DOCTYPE html PUBLIC "-//W3C//DTD XHTML 1.0 Transitional//EN"
    "http://www.w3.org/TR/xhtml1/DTD/xhtml1-transitional.dtd">
<html xmlns="http://www.w3.org/1999/xhtml" xml:lang="en" lang="en">
 <head>
  <title>
</title>
<meta http-equiv="Content-Type" content="text/html;charset=utf-8" />
  <meta name='ocr-system' content='tesseract 3.04.00' />
  <meta name='ocr-capabilities' content='ocr_page ocr_carea ocr_par ocr_line ocrx_word'/>
</head>
<body>
  <div class='ocr_page' id='page_1' title='image "./appendixliviana00livygoog/appendixliviana00livygoog_0122.png"; bbox 0 0 1956 3736; ppageno 0'>
   <div class='ocr_carea' id='block_1_1' title="bbox 208 147 802 232">
    <p class='ocr_par' dir='ltr' id='par_1_1' title="bbox 208 147 802 232">
     <span class='ocr_line' id='line_1_1' title="bbox 208 147 802 232; baseline 0.019 -28"><span class='ocrx_word' id='word_1_1' title='bbox 208 165 254 205; x_wconf 79' lang='grc' dir='ltr'>ετ</span> <span class='ocrx_word' id='word_1_2' title='bbox 283 147 473 206; x_wconf 80' lang='lat' dir='ltr'>Sorrs&#39;sn.</span> <span class='ocrx_word' id='word_1_3' title='bbox 504 148 666 212; x_wconf 80' lang='lat' dir='ltr'>strnrs.</span> <span class='ocrx_word' id='word_1_4' title='bbox 747 172 802 232; x_wconf 86' lang='lat'>107</span> 
     </span>
    </p>
   </div>
   <div class='ocr_carea' id='block_1_2' title="bbox 55 283 894 3084">
    <p class='ocr_par' dir='ltr' id='par_1_2' title="bbox 63 283 894 522">
     <span class='ocr_line' id='line_1_2' title="bbox 66 283 894 362; baseline 0.002 -19"><span class='ocrx_word' id='word_1_5' title='bbox 66 284 137 343; x_wconf 83' lang='lat' dir='ltr'>tium</span> <span class='ocrx_word' id='word_1_6' title='bbox 157 283 186 340; x_wconf 89' lang='lat' dir='ltr'>in</span> <span class='ocrx_word' id='word_1_7' title='bbox 204 303 321 360; x_wconf 86' lang='lat' dir='ltr'>pugnam</span> <span class='ocrx_word' id='word_1_8' title='bbox 341 304 372 342; x_wconf 88' lang='lat' dir='ltr'>ea</span> <span class='ocrx_word' id='word_1_9' title='bbox 391 284 443 341; x_wconf 89' lang='lat' dir='ltr'>fuit</span> <span class='ocrx_word' id='word_1_10' title='bbox 457 284 576 344; x_wconf 85' lang='lat' dir='ltr'>celeritas</span> <span class='ocrx_word' id='word_1_11' title='bbox 590 291 616 343; x_wconf 72' lang='lat' dir='ltr'>dc</span> <span class='ocrx_word' id='word_1_12' title='bbox 630 287 750 359; x_wconf 87' lang='lat' dir='ltr'>audacia,</span> <span class='ocrx_word' id='word_1_13' title='bbox 772 300 803 345; x_wconf 91' lang='lat' dir='ltr'>ut</span> <span class='ocrx_word' id='word_1_14' title='bbox 812 300 838 346; x_wconf 82' lang='lat' dir='ltr'>L.</span> <span class='ocrx_word' id='word_1_15' title='bbox 851 297 894 362; x_wconf 61' lang='lat'>44,⁴</span> 
     </span>
     <span class='ocr_line' id='line_1_3' title="bbox 64 365 868 446; baseline 0.005 -24"><span class='ocrx_word' id='word_1_16' title='bbox 64 366 112 442; x_wconf 89' lang='lat' dir='ltr'>qui</span> <span class='ocrx_word' id='word_1_17' title='bbox 133 365 215 440; x_wconf 88' lang='lat' dir='ltr'>primi</span> <span class='ocrx_word' id='word_1_18' title='bbox 236 365 368 422; x_wconf 70' lang='lat' dir='ltr'>interfecti</span> <span class='ocrx_word' id='word_1_19' title='bbox 389 365 457 435; x_wconf 86' lang='lat' dir='ltr'>sunt,</span> <span class='ocrx_word' id='word_1_20' title='bbox 479 365 513 422; x_wconf 87' lang='lat' dir='ltr'>ad</span> <span class='ocrx_word' id='word_1_21' title='bbox 531 366 663 425; x_wconf 89' lang='lat' dir='ltr'>ducentos</span> <span class='ocrx_word' id='word_1_22' title='bbox 681 373 707 426; x_wconf 72' lang='lat' dir='ltr'>dc</span> <span class='ocrx_word' id='word_1_23' title='bbox 721 369 802 446; x_wconf 88' lang='lat' dir='ltr'>quin·</span> <span class='ocrx_word' id='word_1_24' title='bbox 826 378 868 425; x_wconf 80' lang='lat'>40·</span> 
     </span>
     <span class='ocr_line' id='line_1_4' title="bbox 63 443 724 522; baseline 0.006 -20"><span class='ocrx_word' id='word_1_25' title='bbox 63 447 193 522; x_wconf 84' lang='lat' dir='ltr'>quaginta</span> <span class='ocrx_word' id='word_1_26' title='bbox 208 445 294 521; x_wconf 88' lang='lat' dir='ltr'>pallus</span> <span class='ocrx_word' id='word_1_27' title='bbox 308 443 323 502; x_wconf 73' lang='grc' dir='ltr'><strong>ἒ</strong></span> <span class='ocrx_word' id='word_1_28' title='bbox 339 445 470 502; x_wconf 87' lang='lat' dir='ltr'>Romanis</span> <span class='ocrx_word' id='word_1_29' title='bbox 485 446 573 504; x_wconf 79' lang='lat' dir='ltr'>castris</span> <span class='ocrx_word' id='word_1_30' title='bbox 588 447 724 508; x_wconf 85' lang='lat' dir='ltr'>caderent.</span> 
     </span>
    </p>

    <p class='ocr_par' dir='ltr' id='par_1_3' title="bbox 55 524 873 2998">
     <span class='ocr_line' id='line_1_5' title="bbox 108 524 803 607; baseline 0.01 -27"><span class='ocrx_word' id='word_1_31' title='bbox 108 545 137 601; x_wconf 81' lang='lat'>3.</span> <span class='ocrx_word' id='word_1_32' title='bbox 161 524 387 595; x_wconf 88' lang='lat' dir='ltr'>Progrediebatur</span> <span class='ocrx_word' id='word_1_33' title='bbox 406 526 517 582; x_wconf 83' lang='lat' dir='ltr'>&#39;interim</span> <span class='ocrx_word' id='word_1_34' title='bbox 541 527 692 586; x_wconf 78' lang='lat' dir='ltr'>AEmiliusz</span> <span class='ocrx_word' id='word_1_35' title='bbox 718 542 803 607; x_wconf 87' lang='lat' dir='ltr'>utque</span> 
     </span>
     <span class='ocr_line' id='line_1_6' title="bbox 62 604 802 686; baseline 0.008 -24"><span class='ocrx_word' id='word_1_36' title='bbox 62 604 187 683; x_wconf 81' lang='lat' dir='ltr'>adspexit</span> <span class='ocrx_word' id='word_1_37' title='bbox 199 625 285 681; x_wconf 92' lang='lat' dir='ltr'>quum</span> <span class='ocrx_word' id='word_1_38' title='bbox 298 604 416 680; x_wconf 89' lang='lat' dir='ltr'>reliquos</span> <span class='ocrx_word' id='word_1_39' title='bbox 429 605 608 677; x_wconf 88' lang='lat' dir='ltr'>Macedonas,</span> <span class='ocrx_word' id='word_1_40' title='bbox 624 623 682 666; x_wconf 92' lang='lat' dir='ltr'>tum</span> <span class='ocrx_word' id='word_1_41' title='bbox 696 610 802 686; x_wconf 85' lang='lat' dir='ltr'>eosqui</span> 
     </span>
     <span class='ocr_line' id='line_1_7' title="bbox 62 684 800 765; baseline 0.005 -23"><span class='ocrx_word' id='word_1_42' title='bbox 62 687 92 743; x_wconf 90' lang='lat' dir='ltr'>in</span> <span class='ocrx_word' id='word_1_43' title='bbox 111 684 275 761; x_wconf 83' lang='lat' dir='ltr'>phalangem</span> <span class='ocrx_word' id='word_1_44' title='bbox 296 684 442 742; x_wconf 88' lang='lat' dir='ltr'>contributi</span> <span class='ocrx_word' id='word_1_45' title='bbox 462 700 547 756; x_wconf 87' lang='lat' dir='ltr'>erant,</span> <span class='ocrx_word' id='word_1_46' title='bbox 567 689 665 762; x_wconf 93' lang='lat' dir='ltr'>partim</span> <span class='ocrx_word' id='word_1_47' title='bbox 685 689 800 765; x_wconf 87' lang='lat' dir='ltr'>clypeis,</span> 
     </span>
     <span class='ocr_line' id='line_1_8' title="bbox 62 764 801 846; baseline 0.009 -25"><span class='ocrx_word' id='word_1_48' title='bbox 62 766 166 842; x_wconf 84' lang='lat' dir='ltr'>partim</span> <span class='ocrx_word' id='word_1_49' title='bbox 181 764 261 821; x_wconf 88' lang='lat' dir='ltr'>cetris</span> <span class='ocrx_word' id='word_1_50' title='bbox 279 784 314 821; x_wconf 82' lang='lat' dir='ltr'>ex</span> <span class='ocrx_word' id='word_1_51' title='bbox 329 764 444 822; x_wconf 90' lang='lat' dir='ltr'>humero</span> <span class='ocrx_word' id='word_1_52' title='bbox 463 765 598 837; x_wconf 72' lang='lat' dir='ltr'>detradlis,</span> <span class='ocrx_word' id='word_1_53' title='bbox 619 768 801 846; x_wconf 74' lang='lat' dir='ltr'>inclinatisque</span> 
     </span>
     <span class='ocr_line' id='line_1_9' title="bbox 61 843 850 920; baseline 0.006 -18"><span class='ocrx_word' id='word_1_54' title='bbox 61 864 120 902; x_wconf 87' lang='lat' dir='ltr'>uno</span> <span class='ocrx_word' id='word_1_55' title='bbox 139 844 216 916; x_wconf 81' lang='lat' dir='ltr'>signo</span> <span class='ocrx_word' id='word_1_56' title='bbox 237 843 336 913; x_wconf 85' lang='lat' dir='ltr'>sariffis,</span> <span class='ocrx_word' id='word_1_57' title='bbox 358 845 521 920; x_wconf 83' lang='lat' dir='ltr'>excipientes</span> <span class='ocrx_word' id='word_1_58' title='bbox 537 846 725 906; x_wconf 89' lang='lat' dir='ltr'>Romanorum</span> <span class='ocrx_word' id='word_1_59' title='bbox 745 848 801 906; x_wconf 82' lang='lat' dir='ltr'>im·</span> <span class='ocrx_word' id='word_1_60' title='bbox 847 861 850 868; x_wconf 78' lang='grc'><strong><em>’</em></strong></span> 
     </span>
     <span class='ocr_line' id='line_1_10' title="bbox 60 923 800 1002; baseline 0.007 -22"><span class='ocrx_word' id='word_1_61' title='bbox 60 939 170 1002; x_wconf 85' lang='lat' dir='ltr'>petum,</span> <span class='ocrx_word' id='word_1_62' title='bbox 186 923 332 994; x_wconf 77' lang='lat' dir='ltr'>admiratus</span> <span class='ocrx_word' id='word_1_63' title='bbox 347 924 458 981; x_wconf 85' lang='lat' dir='ltr'>&amp;illam</span> <span class='ocrx_word' id='word_1_64' title='bbox 474 924 645 983; x_wconf 84' lang='lat' dir='ltr'>densatorum</span> <span class='ocrx_word' id='word_1_65' title='bbox 659 927 800 1001; x_wconf 84' lang='lat' dir='ltr'>agminum</span> 
     </span>
     <span class='ocr_line' id='line_1_11' title="bbox 60 1003 799 1081; baseline 0 -18"><span class='ocrx_word' id='word_1_66' title='bbox 60 1004 230 1073; x_wconf 84' lang='lat' dir='ltr'>firmitatem,</span> <span class='ocrx_word' id='word_1_67' title='bbox 251 1009 276 1060; x_wconf 76' lang='grc' dir='ltr'>δι</span> <span class='ocrx_word' id='word_1_68' title='bbox 294 1003 396 1061; x_wconf 86' lang='lat' dir='ltr'>vallum</span> <span class='ocrx_word' id='word_1_69' title='bbox 417 1005 548 1081; x_wconf 89' lang='lat' dir='ltr'>protentis</span> <span class='ocrx_word' id='word_1_70' title='bbox 568 1004 656 1062; x_wconf 83' lang='lat' dir='ltr'>sarillis</span> <span class='ocrx_word' id='word_1_71' title='bbox 675 1006 799 1078; x_wconf 88' lang='lat' dir='ltr'>horrens,</span> 
     </span>
     <span class='ocr_line' id='line_1_12' title="bbox 61 1084 800 1162; baseline 0.004 -21"><span class='ocrx_word' id='word_1_72' title='bbox 61 1085 169 1162; x_wconf 88' lang='lat' dir='ltr'>stupore</span> <span class='ocrx_word' id='word_1_73' title='bbox 186 1084 265 1142; x_wconf 87' lang='lat' dir='ltr'>srmul</span> <span class='ocrx_word' id='word_1_74' title='bbox 285 1103 316 1140; x_wconf 90' lang='lat' dir='ltr'>ac</span> <span class='ocrx_word' id='word_1_75' title='bbox 335 1097 436 1141; x_wconf 88' lang='lat' dir='ltr'>terrore</span> <span class='ocrx_word' id='word_1_76' title='bbox 454 1085 588 1160; x_wconf 85' lang='lat' dir='ltr'>perculsus</span> <span class='ocrx_word' id='word_1_77' title='bbox 602 1086 649 1155; x_wconf 88' lang='lat' dir='ltr'>est,</span> <span class='ocrx_word' id='word_1_78' title='bbox 672 1100 800 1162; x_wconf 90' lang='lat' dir='ltr'>tanquam</span> 
     </span>
     <span class='ocr_line' id='line_1_13' title="bbox 61 1164 799 1242; baseline 0.003 -20"><span class='ocrx_word' id='word_1_79' title='bbox 61 1185 118 1222; x_wconf 89' lang='lat' dir='ltr'>non</span> <span class='ocrx_word' id='word_1_80' title='bbox 130 1164 204 1221; x_wconf 88' lang='lat' dir='ltr'>aliud</span> <span class='ocrx_word' id='word_1_81' title='bbox 215 1183 334 1240; x_wconf 92' lang='lat' dir='ltr'>unquam</span> <span class='ocrx_word' id='word_1_82' title='bbox 346 1179 401 1221; x_wconf 92' lang='lat' dir='ltr'>tam</span> <span class='ocrx_word' id='word_1_83' title='bbox 414 1165 531 1222; x_wconf 86' lang='lat' dir='ltr'>terribile</span> <span class='ocrx_word' id='word_1_84' title='bbox 542 1165 720 1242; x_wconf 70' lang='lat' dir='ltr'>spedaculum</span> <span class='ocrx_word' id='word_1_85' title='bbox 731 1186 799 1224; x_wconf 90' lang='lat' dir='ltr'>con·</span> 
     </span>
     <span class='ocr_line' id='line_1_14' title="bbox 60 1243 798 1321; baseline 0.004 -20"><span class='ocrx_word' id='word_1_86' title='bbox 60 1245 192 1321; x_wconf 85' lang='lat' dir='ltr'>spicatus:</span> <span class='ocrx_word' id='word_1_87' title='bbox 216 1264 246 1300; x_wconf 90' lang='lat' dir='ltr'>ac</span> <span class='ocrx_word' id='word_1_88' title='bbox 267 1245 356 1320; x_wconf 91' lang='lat' dir='ltr'>postea</span> <span class='ocrx_word' id='word_1_89' title='bbox 375 1243 404 1300; x_wconf 91' lang='lat' dir='ltr'>id</span> <span class='ocrx_word' id='word_1_90' title='bbox 426 1244 519 1320; x_wconf 87' lang='lat' dir='ltr'>saepius</span> <span class='ocrx_word' id='word_1_91' title='bbox 540 1253 798 1304; x_wconf 85' lang='lat' dir='ltr'>commemorare&amp;</span> 
     </span>
     <span class='ocr_line' id='line_1_15' title="bbox 60 1323 797 1400; baseline 0.004 -20"><span class='ocrx_word' id='word_1_92' title='bbox 60 1344 117 1400; x_wconf 85' lang='lat' dir='ltr'>prae</span> <span class='ocrx_word' id='word_1_93' title='bbox 135 1325 161 1382; x_wconf 91' lang='lat' dir='ltr'>se</span> <span class='ocrx_word' id='word_1_94' title='bbox 181 1325 251 1381; x_wconf 81' lang='lat' dir='ltr'>ferre</span> <span class='ocrx_word' id='word_1_95' title='bbox 272 1323 363 1380; x_wconf 89' lang='lat' dir='ltr'>solitus</span> <span class='ocrx_word' id='word_1_96' title='bbox 381 1325 426 1382; x_wconf 87' lang='lat' dir='ltr'>est.</span> <span class='ocrx_word' id='word_1_97' title='bbox 462 1326 541 1382; x_wconf 92' lang='lat' dir='ltr'>Tum</span> <span class='ocrx_word' id='word_1_98' title='bbox 556 1323 622 1382; x_wconf 77' lang='lat' dir='ltr'>vcrd</span> <span class='ocrx_word' id='word_1_99' title='bbox 637 1324 728 1383; x_wconf 80' lang='lat' dir='ltr'>seduld</span> <span class='ocrx_word' id='word_1_100' title='bbox 744 1327 797 1384; x_wconf 92' lang='lat' dir='ltr'>dis-</span> 
     </span>
     <span class='ocr_line' id='line_1_16' title="bbox 59 1403 797 1482; baseline 0.005 -21"><span class='ocrx_word' id='word_1_101' title='bbox 59 1404 186 1462; x_wconf 82' lang='lat' dir='ltr'>simulans</span> <span class='ocrx_word' id='word_1_102' title='bbox 205 1403 352 1482; x_wconf 80' lang='lat' dir='ltr'>perturbati</span> <span class='ocrx_word' id='word_1_103' title='bbox 371 1405 455 1461; x_wconf 89' lang='lat' dir='ltr'>animi</span> <span class='ocrx_word' id='word_1_104' title='bbox 474 1419 591 1476; x_wconf 88' lang='lat' dir='ltr'>motum,</span> <span class='ocrx_word' id='word_1_105' title='bbox 611 1406 689 1463; x_wconf 87' lang='lat' dir='ltr'>vultu</span> <span class='ocrx_word' id='word_1_106' title='bbox 706 1406 797 1465; x_wconf 87' lang='lat' dir='ltr'>sereno</span> 
     </span>
     <span class='ocr_line' id='line_1_17' title="bbox 60 1483 797 1562; baseline 0.001 -20"><span class='ocrx_word' id='word_1_107' title='bbox 60 1505 92 1542; x_wconf 81' lang='lat' dir='ltr'>ac</span> <span class='ocrx_word' id='word_1_108' title='bbox 108 1483 201 1542; x_wconf 76' lang='lat' dir='ltr'>securi</span> <span class='ocrx_word' id='word_1_109' title='bbox 219 1485 320 1561; x_wconf 75' lang='lat' dir='ltr'>fronte,</span> <span class='ocrx_word' id='word_1_110' title='bbox 340 1489 366 1542; x_wconf 87' lang='lat'>&amp;</span> <span class='ocrx_word' id='word_1_111' title='bbox 380 1484 507 1562; x_wconf 86' lang='lat' dir='ltr'>capite&amp;</span> <span class='ocrx_word' id='word_1_112' title='bbox 521 1505 634 1562; x_wconf 91' lang='lat' dir='ltr'>corpore</span> <span class='ocrx_word' id='word_1_113' title='bbox 652 1487 753 1543; x_wconf 72' lang='lat' dir='ltr'>inteclo</span> <span class='ocrx_word' id='word_1_114' title='bbox 766 1506 797 1543; x_wconf 84' lang='lat' dir='ltr'>a·</span> 
     </span>
     <span class='ocr_line' id='line_1_18' title="bbox 59 1561 798 1641; baseline 0.003 -18"><span class='ocrx_word' id='word_1_115' title='bbox 59 1565 133 1623; x_wconf 91' lang='lat' dir='ltr'>ciem</span> <span class='ocrx_word' id='word_1_116' title='bbox 146 1565 298 1623; x_wconf 82' lang='lat' dir='ltr'>instruebat.</span> <span class='ocrx_word' id='word_1_117' title='bbox 310 1632 314 1640; x_wconf 36' lang='grc'><strong><em>,</em></strong></span> <span class='ocrx_word' id='word_1_118' title='bbox 336 1561 399 1640; x_wconf 86' lang='lat' dir='ltr'>Jam&#39;</span> <span class='ocrx_word' id='word_1_119' title='bbox 412 1565 685 1641; x_wconf 85' lang='lat' dir='ltr'>pugnabam&#39;Peligni</span> <span class='ocrx_word' id='word_1_120' title='bbox 699 1565 798 1625; x_wconf 84' lang='lat' dir='ltr'>adver·</span> 
     </span>
     <span class='ocr_line' id='line_1_19' title="bbox 59 1645 797 1723; baseline -0.001 -19"><span class='ocrx_word' id='word_1_121' title='bbox 59 1645 105 1704; x_wconf 77' lang='lat' dir='ltr'>ads</span> <span class='ocrx_word' id='word_1_122' title='bbox 127 1645 265 1723; x_wconf 81' lang='lat' dir='ltr'>oppositos</span> <span class='ocrx_word' id='word_1_123' title='bbox 284 1645 333 1703; x_wconf 85' lang='lat' dir='ltr'>fibi</span> <span class='ocrx_word' id='word_1_124' title='bbox 350 1657 476 1716; x_wconf 81' lang='lat' dir='ltr'>cetratos,</span> <span class='ocrx_word' id='word_1_125' title='bbox 497 1664 636 1722; x_wconf 86' lang='lat' dir='ltr'>quumque</span> <span class='ocrx_word' id='word_1_126' title='bbox 656 1645 704 1702; x_wconf 92' lang='lat' dir='ltr'>diu</span> <span class='ocrx_word' id='word_1_127' title='bbox 723 1647 797 1703; x_wconf 90' lang='lat' dir='ltr'>mul·</span> 
     </span>
     <span class='ocr_line' id='line_1_20' title="bbox 58 1725 798 1803; baseline 0.001 -19"><span class='ocrx_word' id='word_1_128' title='bbox 58 1726 176 1802; x_wconf 77' lang='lat' dir='ltr'>tquue</span> <span class='ocrx_word' id='word_1_129' title='bbox 200 1725 308 1783; x_wconf 74' lang='lat' dir='ltr'>connisi</span> <span class='ocrx_word' id='word_1_130' title='bbox 325 1745 498 1803; x_wconf 88' lang='lat' dir='ltr'>perrumpere</span> <span class='ocrx_word' id='word_1_131' title='bbox 521 1725 674 1783; x_wconf 88' lang='lat' dir='ltr'>confertum</span> <span class='ocrx_word' id='word_1_132' title='bbox 699 1740 798 1798; x_wconf 80' lang='lat' dir='ltr'>agmen</span> 
     </span>
     <span class='ocr_line' id='line_1_21' title="bbox 58 1805 796 1883; baseline 0 -19"><span class='ocrx_word' id='word_1_133' title='bbox 58 1825 116 1864; x_wconf 89' lang='lat' dir='ltr'>non</span> <span class='ocrx_word' id='word_1_134' title='bbox 138 1806 253 1882; x_wconf 76' lang='lat' dir='ltr'>pollent,</span> <span class='ocrx_word' id='word_1_135' title='bbox 275 1805 370 1877; x_wconf 85' lang='lat' dir='ltr'>Salius,</span> <span class='ocrx_word' id='word_1_136' title='bbox 391 1807 439 1883; x_wconf 91' lang='lat' dir='ltr'>qui</span> <span class='ocrx_word' id='word_1_137' title='bbox 458 1805 584 1878; x_wconf 89' lang='lat' dir='ltr'>Pelignos</span> <span class='ocrx_word' id='word_1_138' title='bbox 605 1805 731 1877; x_wconf 87' lang='lat' dir='ltr'>ducebat,</span> <span class='ocrx_word' id='word_1_139' title='bbox 752 1826 796 1864; x_wconf 87' lang='lat' dir='ltr'>ar·</span> 
     </span>
     <span class='ocr_line' id='line_1_22' title="bbox 59 1885 796 1967; baseline 0.001 -23"><span class='ocrx_word' id='word_1_140' title='bbox 59 1901 170 1963; x_wconf 91' lang='lat' dir='ltr'>reptum</span> <span class='ocrx_word' id='word_1_141' title='bbox 184 1886 290 1957; x_wconf 82' lang='lat' dir='ltr'>signum</span> <span class='ocrx_word' id='word_1_142' title='bbox 303 1886 332 1944; x_wconf 90' lang='lat' dir='ltr'>in</span> <span class='ocrx_word' id='word_1_143' title='bbox 348 1887 435 1943; x_wconf 81' lang='lat' dir='ltr'>hostes</span> <span class='ocrx_word' id='word_1_144' title='bbox 449 1886 530 1946; x_wconf 89' lang='lat' dir='ltr'>mifit.</span> <span class='ocrx_word' id='word_1_145' title='bbox 567 1885 626 1945; x_wconf 86' lang='lat' dir='ltr'>Hic</span> <span class='ocrx_word' id='word_1_146' title='bbox 641 1887 796 1967; x_wconf 29' lang='lat' dir='ltr'>ingens&#39;ac-</span> 
     </span>
     <span class='ocr_line' id='line_1_23' title="bbox 59 1966 797 2043; baseline 0.004 -19"><span class='ocrx_word' id='word_1_147' title='bbox 59 1966 169 2024; x_wconf 84' lang='lat' dir='ltr'>censum</span> <span class='ocrx_word' id='word_1_148' title='bbox 187 1980 323 2024; x_wconf 71' lang='lat' dir='ltr'>esttamen</span> <span class='ocrx_word' id='word_1_149' title='bbox 343 1967 389 2038; x_wconf 87' lang='lat' dir='ltr'>est,</span> <span class='ocrx_word' id='word_1_150' title='bbox 411 1966 478 2024; x_wconf 91' lang='lat' dir='ltr'>dum</span> <span class='ocrx_word' id='word_1_151' title='bbox 495 1966 559 2024; x_wconf 92' lang='lat' dir='ltr'>hinc</span> <span class='ocrx_word' id='word_1_152' title='bbox 575 1967 677 2040; x_wconf 82' lang='lat' dir='ltr'>Peligni</span> <span class='ocrx_word' id='word_1_153' title='bbox 695 1967 729 2025; x_wconf 89' lang='lat' dir='ltr'>ad</span> <span class='ocrx_word' id='word_1_154' title='bbox 742 1987 797 2043; x_wconf 48' lang='grc' dir='ltr'>τες</span> 
     </span>
     <span class='ocr_line' id='line_1_24' title="bbox 56 2045 794 2124; baseline 0.005 -20"><span class='ocrx_word' id='word_1_155' title='bbox 56 2045 219 2124; x_wconf 81' lang='lat' dir='ltr'>cipiendum</span> <span class='ocrx_word' id='word_1_156' title='bbox 232 2047 348 2118; x_wconf 81' lang='lat' dir='ltr'>signum,</span> <span class='ocrx_word' id='word_1_157' title='bbox 369 2047 433 2105; x_wconf 87' lang='lat' dir='ltr'>hinc</span> <span class='ocrx_word' id='word_1_158' title='bbox 447 2046 614 2104; x_wconf 88' lang='lat' dir='ltr'>Macedones</span> <span class='ocrx_word' id='word_1_159' title='bbox 629 2047 663 2104; x_wconf 89' lang='lat' dir='ltr'>ad</span> <span class='ocrx_word' id='word_1_160' title='bbox 677 2048 794 2108; x_wconf 85' lang='lat' dir='ltr'>retinen·</span> 
     </span>
     <span class='ocr_line' id='line_1_25' title="bbox 59 2125 793 2209; baseline 0 -25"><span class='ocrx_word' id='word_1_161' title='bbox 59 2126 128 2184; x_wconf 85' lang='lat' dir='ltr'>dum</span> <span class='ocrx_word' id='word_1_162' title='bbox 144 2125 248 2209; x_wconf 76' lang='lat' dir='ltr'>summi</span> <span class='ocrx_word' id='word_1_163' title='bbox 263 2147 315 2204; x_wconf 88' lang='lat' dir='ltr'>ope</span> <span class='ocrx_word' id='word_1_164' title='bbox 329 2127 460 2185; x_wconf 86' lang='lat' dir='ltr'>nituntur.</span> <span class='ocrx_word' id='word_1_165' title='bbox 498 2127 543 2183; x_wconf 92' lang='lat' dir='ltr'>Illi</span> <span class='ocrx_word' id='word_1_166' title='bbox 562 2126 712 2204; x_wconf 55' lang='lat' dir='ltr'>prolongas</span> <span class='ocrx_word' id='word_1_167' title='bbox 727 2128 793 2184; x_wconf 88' lang='lat' dir='ltr'>Ma-</span> 
     </span>
     <span class='ocr_line' id='line_1_26' title="bbox 57 2205 860 2276; baseline -0.001 -12"><span class='ocrx_word' id='word_1_168' title='bbox 57 2207 198 2265; x_wconf 86' lang='lat' dir='ltr'>cedonum</span> <span class='ocrx_word' id='word_1_169' title='bbox 212 2207 296 2265; x_wconf 76' lang='lat' dir='ltr'>hastis</span> <span class='ocrx_word' id='word_1_170' title='bbox 312 2222 357 2264; x_wconf 87' lang='lat' dir='ltr'>aut</span> <span class='ocrx_word' id='word_1_171' title='bbox 376 2208 447 2264; x_wconf 85' lang='lat' dir='ltr'>ferro</span> <span class='ocrx_word' id='word_1_172' title='bbox 466 2205 594 2276; x_wconf 87' lang='lat' dir='ltr'>incidere,</span> <span class='ocrx_word' id='word_1_173' title='bbox 616 2219 661 2262; x_wconf 90' lang='lat' dir='ltr'>aut</span> <span class='ocrx_word' id='word_1_174' title='bbox 676 2206 795 2264; x_wconf 89' lang='lat' dir='ltr'>umbone</span> <span class='ocrx_word' id='word_1_175' title='bbox 858 2219 860 2223; x_wconf 81' lang='grc'>’</span> 
     </span>
     <span class='ocr_line' id='line_1_27' title="bbox 60 2284 810 2365; baseline -0.004 -20"><span class='ocrx_word' id='word_1_176' title='bbox 60 2287 214 2365; x_wconf 86' lang='lat' dir='ltr'>impellere,</span> <span class='ocrx_word' id='word_1_177' title='bbox 229 2301 274 2344; x_wconf 87' lang='lat' dir='ltr'>aut</span> <span class='ocrx_word' id='word_1_178' title='bbox 287 2287 365 2344; x_wconf 87' lang='lat' dir='ltr'>nudis</span> <span class='ocrx_word' id='word_1_179' title='bbox 380 2288 461 2344; x_wconf 89' lang='lat' dir='ltr'>etiam</span> <span class='ocrx_word' id='word_1_180' title='bbox 476 2284 611 2342; x_wconf 87' lang='lat' dir='ltr'>interdum</span> <span class='ocrx_word' id='word_1_181' title='bbox 625 2285 750 2350; x_wconf 50' lang='lat' dir='ltr'>¹manibus</span> <span class='ocrx_word' id='word_1_182' title='bbox 765 2305 810 2342; x_wconf 40' lang='lat' dir='ltr'>aa</span> 
     </span>
     <span class='ocr_line' id='line_1_28' title="bbox 57 2363 856 2440; baseline -0.004 -15"><span class='ocrx_word' id='word_1_183' title='bbox 57 2381 175 2426; x_wconf 81' lang='lat' dir='ltr'>vertere.</span> <span class='ocrx_word' id='word_1_184' title='bbox 198 2368 240 2425; x_wconf 89' lang='lat' dir='ltr'>Hi</span> <span class='ocrx_word' id='word_1_185' title='bbox 252 2367 381 2426; x_wconf 80' lang='lat' dir='ltr'>ambabus</span> <span class='ocrx_word' id='word_1_186' title='bbox 394 2366 506 2424; x_wconf 88' lang='lat' dir='ltr'>firmiter</span> <span class='ocrx_word' id='word_1_187' title='bbox 518 2363 720 2440; x_wconf 88' lang='lat' dir='ltr'>comprehensas</span> <span class='ocrx_word' id='word_1_188' title='bbox 735 2380 795 2423; x_wconf 88' lang='lat' dir='ltr'>tan-</span> <span class='ocrx_word' id='word_1_189' title='bbox 854 2381 856 2386; x_wconf 77' lang='grc'>’</span> 
     </span>
     <span class='ocr_line' id='line_1_29' title="bbox 59 2446 793 2520; baseline -0.001 -15"><span class='ocrx_word' id='word_1_190' title='bbox 59 2448 86 2505; x_wconf 71' lang='lat' dir='ltr'>ti</span> <span class='ocrx_word' id='word_1_191' title='bbox 100 2448 130 2505; x_wconf 91' lang='lat' dir='ltr'>vi</span> <span class='ocrx_word' id='word_1_192' title='bbox 144 2447 253 2520; x_wconf 89' lang='lat' dir='ltr'>adigere</span> <span class='ocrx_word' id='word_1_193' title='bbox 267 2448 295 2504; x_wconf 92' lang='lat' dir='ltr'>in</span> <span class='ocrx_word' id='word_1_194' title='bbox 309 2463 410 2506; x_wconf 88' lang='lat' dir='ltr'>temere</span> <span class='ocrx_word' id='word_1_195' title='bbox 428 2467 458 2503; x_wconf 91' lang='lat' dir='ltr'>ac</span> <span class='ocrx_word' id='word_1_196' title='bbox 473 2446 563 2503; x_wconf 86' lang='lat' dir='ltr'>furore</span> <span class='ocrx_word' id='word_1_197' title='bbox 583 2464 656 2502; x_wconf 84' lang='lat' dir='ltr'>caeco</span> <span class='ocrx_word' id='word_1_198' title='bbox 675 2462 793 2518; x_wconf 88' lang='lat' dir='ltr'>ruentes,</span> 
     </span>
     <span class='ocr_line' id='line_1_30' title="bbox 57 2526 873 2604; baseline -0.001 -18"><span class='ocrx_word' id='word_1_199' title='bbox 57 2543 90 2586; x_wconf 86' lang='lat' dir='ltr'>ot</span> <span class='ocrx_word' id='word_1_200' title='bbox 113 2526 254 2585; x_wconf 85' lang='lat' dir='ltr'>transsoffis</span> <span class='ocrx_word' id='word_1_201' title='bbox 273 2526 352 2585; x_wconf 84' lang='lat' dir='ltr'>scutis</span> <span class='ocrx_word' id='word_1_202' title='bbox 376 2527 526 2604; x_wconf 86' lang='lat' dir='ltr'>loricilque,</span> <span class='ocrx_word' id='word_1_203' title='bbox 555 2526 694 2584; x_wconf 80' lang='lat' dir='ltr'>transfixos</span> <span class='ocrx_word' id='word_1_204' title='bbox 713 2527 796 2585; x_wconf 81' lang='lat' dir='ltr'>etiam</span> <span class='ocrx_word' id='word_1_205' title='bbox 844 2537 873 2568; x_wconf 58' lang='lat'><strong><em>⁸</em></strong></span> 
     </span>
     <span class='ocr_line' id='line_1_31' title="bbox 58 2600 796 2684; baseline 0 -20"><span class='ocrx_word' id='word_1_206' title='bbox 58 2607 277 2684; x_wconf 84' lang='lat' dir='ltr'>homines-super</span> <span class='ocrx_word' id='word_1_207' title='bbox 289 2608 375 2684; x_wconf 86' lang='lat' dir='ltr'>capita</span> <span class='ocrx_word' id='word_1_208' title='bbox 386 2600 557 2682; x_wconf 78' lang='lat' dir='ltr'>projicerent.</span> <span class='ocrx_word' id='word_1_209' title='bbox 590 2607 634 2662; x_wconf 87' lang='lat' dir='ltr'>Sic</span> <span class='ocrx_word' id='word_1_210' title='bbox 648 2606 796 2681; x_wconf 87' lang='lat' dir='ltr'>profligatis</span> 
     </span>
     <span class='ocr_line' id='line_1_32' title="bbox 59 2684 795 2764; baseline -0.003 -20"><span class='ocrx_word' id='word_1_211' title='bbox 59 2688 236 2758; x_wconf 85' lang='lat' dir='ltr'>Pelignorum</span> <span class='ocrx_word' id='word_1_212' title='bbox 252 2689 346 2764; x_wconf 81' lang='lat' dir='ltr'>primis</span> <span class='ocrx_word' id='word_1_213' title='bbox 361 2686 511 2755; x_wconf 84' lang='lat' dir='ltr'>ordinibus,</span> <span class='ocrx_word' id='word_1_214' title='bbox 532 2684 673 2741; x_wconf 88' lang='lat' dir='ltr'>caeduntur</span> <span class='ocrx_word' id='word_1_215' title='bbox 685 2705 795 2761; x_wconf 90' lang='lat' dir='ltr'>quoque</span> 
     </span>
     <span class='ocr_line' id='line_1_33' title="bbox 55 2763 796 2845; baseline -0.004 -21"><span class='ocrx_word' id='word_1_216' title='bbox 55 2768 109 2845; x_wconf 88' lang='lat' dir='ltr'>qui</span> <span class='ocrx_word' id='word_1_217' title='bbox 121 2767 180 2844; x_wconf 88' lang='lat' dir='ltr'>post</span> <span class='ocrx_word' id='word_1_218' title='bbox 194 2767 256 2824; x_wconf 86' lang='lat' dir='ltr'>illos</span> <span class='ocrx_word' id='word_1_219' title='bbox 273 2769 411 2829; x_wconf 86' lang='lat' dir='ltr'>steterant:</span> <span class='ocrx_word' id='word_1_220' title='bbox 432 2781 514 2842; x_wconf 88' lang='lat' dir='ltr'>atque</span> <span class='ocrx_word' id='word_1_221' title='bbox 527 2763 574 2821; x_wconf 79' lang='lat' dir='ltr'>etsi</span> <span class='ocrx_word' id='word_1_222' title='bbox 590 2763 713 2820; x_wconf 89' lang='lat' dir='ltr'>nondum</span> <span class='ocrx_word' id='word_1_223' title='bbox 728 2783 796 2821; x_wconf 88' lang='lat' dir='ltr'>con-</span> 
     </span>
     <span class='ocr_line' id='line_1_34' title="bbox 59 2845 795 2925; baseline -0.001 -21"><span class='ocrx_word' id='word_1_224' title='bbox 59 2847 124 2911; x_wconf 63' lang='lat' dir='ltr'>fella</span> <span class='ocrx_word' id='word_1_225' title='bbox 134 2847 209 2920; x_wconf 80' lang='lat' dir='ltr'>fugi,</span> <span class='ocrx_word' id='word_1_226' title='bbox 220 2847 318 2924; x_wconf 90' lang='lat' dir='ltr'>pedem</span> <span class='ocrx_word' id='word_1_227' title='bbox 333 2845 482 2923; x_wconf 84' lang='lat' dir='ltr'>referebant</span> <span class='ocrx_word' id='word_1_228' title='bbox 494 2858 585 2925; x_wconf 86' lang='lat' dir='ltr'>tamen</span> <span class='ocrx_word' id='word_1_229' title='bbox 597 2857 720 2902; x_wconf 86' lang='lat' dir='ltr'>montem</span> <span class='ocrx_word' id='word_1_230' title='bbox 732 2863 795 2904; x_wconf 87' lang='lat' dir='ltr'>ver·</span> 
     </span>
     <span class='ocr_line' id='line_1_35' title="bbox 60 2927 596 2998; baseline -0.013 -12"><span class='ocrx_word' id='word_1_231' title='bbox 60 2927 118 2998; x_wconf 73' lang='lat' dir='ltr'>sira,</span> <span class='ocrx_word' id='word_1_232' title='bbox 141 2927 276 2986; x_wconf 89' lang='lat' dir='ltr'>Olocrum</span> <span class='ocrx_word' id='word_1_233' title='bbox 290 2927 424 2998; x_wconf 83' lang='lat' dir='ltr'>indigenae</span> <span class='ocrx_word' id='word_1_234' title='bbox 438 2939 546 2994; x_wconf 86' lang='lat' dir='ltr'>vocant.</span> <span class='ocrx_word' id='word_1_235' title='bbox 583 2936 596 2975; x_wconf 77' lang='grc' dir='ltr'>ι’</span> 
     </span>
    </p>

    <p class='ocr_par' dir='ltr' id='par_1_4' title="bbox 101 3002 794 3084">
     <span class='ocr_line' id='line_1_36' title="bbox 101 3002 794 3084; baseline 0 -16"><span class='ocrx_word' id='word_1_236' title='bbox 101 3027 133 3084; x_wconf 83' lang='lat'>4.</span> <span class='ocrx_word' id='word_1_237' title='bbox 156 3005 217 3068; x_wconf 88' lang='lat' dir='ltr'>Hic</span> <span class='ocrx_word' id='word_1_238' title='bbox 229 3004 294 3070; x_wconf 66' lang='grc' dir='ltr'>γετὸ</span> <span class='ocrx_word' id='word_1_239' title='bbox 307 3007 401 3069; x_wconf 79' lang='lat' dir='ltr'>exarsit</span> <span class='ocrx_word' id='word_1_240' title='bbox 417 3005 535 3069; x_wconf 87' lang='lat' dir='ltr'>AEmilio</span> <span class='ocrx_word' id='word_1_241' title='bbox 554 3002 644 3078; x_wconf 91' lang='lat' dir='ltr'>dolor,</span> <span class='ocrx_word' id='word_1_242' title='bbox 664 3018 696 3067; x_wconf 92' lang='lat' dir='ltr'>ut</span> <span class='ocrx_word' id='word_1_243' title='bbox 712 3006 794 3068; x_wconf 86' lang='lat' dir='ltr'>etiam</span> 
     </span>
    </p>
   </div>
   <div class='ocr_carea' id='block_1_3' title="bbox 0 0 982 3736">
    <p class='ocr_par' dir='ltr' id='par_1_5' title="bbox 0 0 982 3736">
     <span class='ocr_line' id='line_1_37' title="bbox 0 0 982 3736; baseline 0 3"><span class='ocrx_word' id='word_1_244' title='bbox 0 0 982 3736; x_wconf 95' lang='lat' dir='ltr'> </span> 
     </span>
    </p>
   </div>
  </div>
 </body>
</html>
