1956 3736
167 123 677 189 Summtxnttstss.
755 142 809 206 29.
866 215 869 221 1

58 253 127 326 Jasn
141 265 228 312 autem
241 259 271 312 in
279 254 381 332 finibus
398 257 489 331 nopiris
502 261 634 315 exereitus
649 256 789 331 Romanus,
798 273 830 324 tt.
841 275 871 323 σ.

58 332 94 393 {5
107 348 171 392 ante
188 335 256 409 ipsas
270 347 362 411 portas
374 335 470 411 hostilis
486 350 575 395 terror
592 340 644 412 est:
665 358 693 396 eo
706 343 790 414 magi·
808 352 868 399 47¹·

50 417 108 491 stro
123 416 269 490 profutura
278 417 404 494 jucundis
412 417 500 492 facili
513 417 613 494 discetis
627 432 788 495 anteponere.
797 405 867 512 ⁴¹9⁰·

98 496 171 554 XII.
193 495 282 570 Neque
290 497 332 572 sic
345 501 490 572 accipiatis,
511 509 634 574 tanquam
648 501 791 576 exprobra·
809 480 825 514 ²
844 477 869 516 ¹·

58 587 136 632 turus
153 580 299 649 praeterita
311 579 491 650 surrexerim.
517 596 578 635 nam
598 591 712 636 ueterem
733 585 794 655 qui·

58 655 114 711 dem
134 655 234 729 eulpam
255 657 431 732 intempestivi
450 660 567 736 objicere,
588 658 741 718 inimici&
761 678 794 716 a·

58 735 136 791 lienis
155 737 287 792 erroribus
302 738 453 811 petulanter
470 737 622 810 insultantis
640 743 723 796 animi
738 741 803 814 ιβ.·.

55 816 133 889 probi
152 819 210 871 oiri
230 813 266 872 io
277 818 378 891 solutis
398 821 533 874 eommunis
548 818 664 893 βιιᾸὶιβ,
685 831 799 893 peecata.

60 897 180 950 ciuitatis
199 907 295 968 tegere,
317 909 364 953 aut
385 897 511 970 excusare
530 897 641 967 malunt,
662 897 712 972 nist
732 917 794 972 quo·

60 977 110 1030 ties
128 973 167 1029 ad
183 976 357 1033 calamitatem
374 976 504 1050 publicam
525 976 701 1047 amoliendam,
719 990 795 1051 prae-
891 972 894 981 ’

60 1056 204 1111 teritorum
218 1055 371 1131 offensarum
381 1057 525 1113 recordatio
532 1057 635 1130 grande
645 1070 797 1112 momentum

61 1132 150 1191 babet,
193 1135 263 1191 Nam
284 1137 317 1192 ab
339 1154 429 1193 errore
450 1136 548 1212 quidem
573 1139 655 1206 omni,
684 1135 796 1192 homines

62 1231 140 1286 quum
158 1212 253 1289 fimus,
277 1219 399 1273 immunes
419 1215 511 1273 labori
530 1217 610 1286 uelle,
632 1219 739 1272 nimium
759 1211 796 1274 θ’

54 1290 215 1366 superbum:
230 1294 281 1368 fied
292 1295 330 1351 al
344 1298 454 1352 eumdem
473 1296 581 1371 lapidem
597 1294 684 1352 crebri
700 1299 796 1370 impin·

57 1391 133 1444 gere,
155 1392 235 1448 neque
245 1374 341 1447 saltem
359 1379 641 1434 euentu'temeritatuon
657 1377 799 1449 caligante

63 1451 101 1506 ad
114 1457 258 1510 cautionem
276 1455 387 1526 aroniim,
399 1456 439 1510 'ia
454 1454 515 1512 ueri
529 1458 586 1533 jam
601 1459 652 1511 uix
664 1455 726 1510 bene
744 1453 797 1510 bu-

62 1550 168 1588 manum
185 1534 228 1610 ιβ.
263 1535 309 1590 Ad
324 1539 400 1591 unius
418 1533 527 1590 hominis
545 1553 629 1591 ooeem
648 1552 727 1589 naues
743 1535 797 1588 Ro·

62 1631 156 1668 manas
169 1612 345 1687 deprefflmus:
367 1632 427 1670 mose
440 1613 561 1684 Thurios,
583 1625 715 1686 cognotam
730 1631 796 1684 gen-

63 1703 127 1762 tem,
149 1690 282 1767 haslilibus
292 1695 354 1750 odiis
368 1697 533 1764 vexavimus,
554 1691 620 1769 quid
630 1693 663 1747 ab
676 1693 798 1748 Romanis

63 1771 180 1844 defendi,
202 1771 280 1847 quim
297 1771 316 1829 ἃ
331 1773 443 1829 lucanis
457 1774 622 1849 Bruttiisque
640 1772 722 1845 diripi
740 1789 797 1842 mas

64 1850 194 1907 luerunt:
221 1853 318 1927 legatas
341 1854 512 1909 Romanarum
535 1867 585 1928 per
606 1865 707 1927 turpem
728 1850 798 1908 litto

66 1930 245 1988 contumeliam
258 1932 356 1988 uiolari
373 1934 487 1993 tulimus.
525 1934 625 1990 Bellum
640 1935 734 2005 igitur,
750 1946 800 2006 quo

66 2028 160 2067 carere
173 2015 313 2085 potuimus,
334 2009 369 2069 ὅ
386 2031 472 2086 grane
490 2013 593 2082 bellum,
614 2009 649 2068 δέ
668 2010 799 2085 periculo·

58 2092 133 2163 sum,
155 2085 191 2146 Εἴ
213 2092 393 2167 improvisum,
418 2092 564 2164 alisnifflsno
586 2103 697 2164 tempore
716 2089 800 2163 ιιιβιι

65 2169 215 2225 adtrallum
234 2173 282 2245 ιβζ
321 2171 442 2247 Denique
454 2174 514 2248 jam
533 2175 561 2227 in
580 2189 642 2242 ogra
658 2167 684 2223 T
681 2171 802 2223 atratino

67 2250 187 2306 Romana
205 2252 292 2325 eastra
304 2251 390 2325 sunt.-
412 2248 447 2306 {Sl
467 2269 510 2307 nas
530 2249 612 2305 adhuc
633 2247 729 2304 inserti
748 2264 802 2302 om-

67 2333 152 2399 nium,
173 2330 265 2386 bellum
272 2331 444 2404 formidabile
457 2349 491 2387 an
500 2342 590 2406 pacem
602 2328 745 2385 indecoram
752 2325 801 2399 ss-

66 2413 122 2466 tius
129 2407 170 2483 fit
183 2413 275 2486 accipi,
296 2408 472 2468 deliberamus.
807 2416 811 2423 '

108 2489 200 2546 XIII.
222 2491 309 2564 Atque
323 2494 424 2547 utinam
438 2509 505 2547 nunc
520 2490 617 2546 demum
635 2486 709 2543 obliti
726 2484 803 2542 blan-

68 2569 208 2639 ditiarum,
230 2569 303 2626 obliti
318 2574 485 2645 priuatorum
506 2569 694 2636 commodarum,
715 2565 800 2639 digni·

68 2661 151 2705 tatem
172 2649 361 2725 utilitatemque
378 2651 508 2725 publicam
522 2649 668 2722 spetiantes
686 2650 715 2700 in
734 2660 802 2700 tom

68 2746 148 2785 mune
166 2728 368 2802 consuleremus!
386 2729 468 2803 ¹Effer
487 2727 552 2783 unde
571 2726 617 2783 uel
627 2724 737 2799 fulera
756 2720 803 2778 br-

70 2808 147 2884 nepte,
169 2809 217 2865 uel
228 2828 303 2866 arma
321 2809 377 2866 tuti
389 2810 567 2884 sumerentur.
604 2805 682 2861 Nunc
696 2804 725 2858 in
739 2801 803 2858 duas

70 2908 114 2948 uos
136 2889 212 2944 abire
231 2902 336 2964 partes,
363 2886 398 2946 &l
417 2885 593 2964 propemodum
605 2886 738 2959 fatiiottes
758 2886 822 2940 oi-'
864 2922 871 2938 .

72 2967 125 3041 deo,
148 2987 198 3026 non
210 2971 330 3048 judiciis,
351 2981 398 3030 aut
417 2987 452 3027 ex
470 2967 610 3026 conditione
628 2983 717 3025 retum
729 2963 808 3040 sum·

479 3048 543 3124 Cs
