1956 3736
204 175 392 231 Surrueu.
417 171 531 231 Lxx.
554 170 713 231 Lturstt.
768 188 822 251 ²9¹

92 301 178 376 specie
193 308 218 359 ἃ
232 300 418 370 magnitudine
436 318 593 376 corporum,
615 299 707 378 primis
728 300 756 356 in
779 317 864 364 or-tt‚
876 318 905 367 c.

93 381 201 438 dinibus
221 382 337 447 stabant;
359 382 456 458 partim
478 381 512 437 ad
533 381 708 457 pugnandum
727 379 822 437 incita·
842 396 901 439 5²7.

92 462 148 530 bat,
169 482 224 520 uon
236 459 320 519 modu
334 461 431 530 leudis,
451 459 497 517 sed
510 463 590 518 etiam
603 462 748 538 spoliorum
759 459 820 516 dul·
831 451 857 492 Α·
870 450 900 493 ⁰·

92 541 177 612 cedo,
205 541 279 621 qubd
304 543 373 598 inter
394 541 539 598 Gallorum
558 541 740 614 antesignanos
766 555 822 599 erat
841 523 899 568 ²25·

92 641 174 679 nemo
199 625 265 702 quin
290 623 416 680 maniacis
440 621 600 699 anniilisque
624 624 710 681 tureis
733 623 822 693 fulge*

92 717 144 760 ret.

133 782 232 839 XLII.
254 783 385 838 Conserto
406 781 489 852 igitur
507 780 613 857 praeiio,
639 783 745 839 immissu
767 783 823 858 pri-

91 860 169 917 mirm
183 862 276 918 velites
291 862 437 918 maximam
451 861 567 918 hostiurn
585 861 693 918 edidere
706 862 822 932 caedern,

91 940 237 1014 praesertirn
252 941 297 995 ubi
312 941 425 997 Gaesatae
439 941 602 1016 pugnabant,
622 942 669 1016 qui
687 960 736 1016 per
749 941 821 996 fero-

90 1019 162 1074 ciam
181 1023 206 1074 dr
225 1019 361 1076 harbaum
383 1020 596 1088 ostentationem,
618 1020 727 1094 abjedtis
742 1020 822 1076 vesti-

89 1095 151 1167 bus,
172 1098 239 1156 nudi
251 1112 311 1157 ante
329 1100 416 1176 prima
427 1100 500 1172 figua
513 1100 691 1160 constiterant.
725 1100 822 1236 Ἕω

89 1177 163 1234 enirn
180 1177 284 1236 scutum
299 1178 436 1238 Gallicum
456 1181 624 1258 praelongurn
638 1184 664 1237 dc
680 1176 750 1250 arigu
790 1198 822 1237 m

89 1275 145 1314 nou
169 1259 246 1334 poffit
265 1278 363 1336 corpus
384 1263 525 1334 obtegere,
555 1275 682 1339 tanquam
702 1258 821 1336 exposrtu

84 1337 275 1411 jaculatoribus
298 1341 385 1413 ugus,
415 1344 494 1400 certis
518 1341 615 1400 idibus
639 1340 819 1418 petebantur:

88 1418 271 1496 cadebantque
293 1418 387 1491 InultI,
413 1419 488 1498 qudd
509 1440 596 1498 neque
616 1423 696 1480 ferire
716 1421 821 1479 hostem

87 1499 192 1556 endnus
212 1514 345 1574 poterant,
364 1519 454 1577 neque
471 1501 590 1558 conserta
606 1520 688 1559 manu
706 1502 821 1576 pugnari

86 1576 177 1634 secum
197 1579 264 1635 levis
282 1594 415 1636 armatura
438 1580 593 1656 patiebatur.
619 1581 674 1657 qui
696 1578 820 1657 despere-

83 1657 162 1713 tioue
177 1677 236 1733 pars
251 1675 351 1716 temere
366 1660 394 1715 irr
408 1660 510 1717 hostem
528 1673 644 1729 ruentes,
665 1659 818 1736 priusquam

81 1735 121 1794 ad
135 1754 230 1794 rnanus
241 1738 374 1812 venirent,
390 1738 526 1797 missilibus
541 1737 650 1797 confossi
664 1740 818 1798 sterneban-

79 1832 151 1875 tur:
181 1818 262 1890 ceteri
282 1819 375 1877 seusun
395 1820 539 1878 referentes
559 1817 683 1894 gradum,
710 1815 819 1879 suorum

82 1897 275 1973 perturbabant
294 1898 410 1959 ordines.
446 1903 488 1958 Ita
507 1901 673 1960 Gaesatarurn
692 1902 749 1960 scie
767 1917 820 1978 per

85 1977 179 2034 velites
193 1977 313 2052 disjecta,
328 1981 416 2050 gravis
428 1997 567 2038 armaturae
582 1983 659 2038 milet
672 1983 752 2040 boios
764 1985 815 2040 In·

76 2054 223 2134 ·firbresque
235 2077 266 2114 ac
277 2059 420 2116 Tauriscus
429 2060 602 2135 undiquaque
614 2061 733 2130 eductus,
742 2061 815 2116 mul-

83 2149 127 2193 tot
141 2136 285 2195 interfecit.

123 2217 239 2274 XLIII.
262 2215 371 2274 Stabsrrt
382 2227 472 2273 tamen
485 2214 631 2273 obfirmatis
645 2217 752 2287 animis,
765 2234 815 2274 ne-

82 2315 137 2374 que
155 2295 208 2354 unt
227 2315 255 2353 re
274 2296 423 2365 Inferiores,
444 2295 493 2352 nifi
510 2293 587 2371 quud
606 2313 743 2353 armorum
765 2314 814 2367 ge-

82 2392 146 2433 nere
161 2377 345 2446 vincebantur,
366 2375 501 2454 nequead
517 2376 696 2433 muniendum
714 2394 816 2454 corpus

82 2455 144 2531 epte
164 2455 290 2527 instratu,
311 2473 399 2533 neque
418 2455 453 2513 ed
471 2456 572 2513 hostem
595 2457 813 2532 percutiendum.

81 2535 187 2607 gladius
212 2537 285 2593 enirn
306 2537 428 2594 Gallicus
451 2537 555 2594 tanturn
581 2535 616 2593 ad
641 2555 699 2594 rem
724 2537 814 2594 caefitn

82 2615 228 2687 gerendum
247 2614 478 2687 accommodatus,
501 2634 660 2673 mucronem
681 2615 813 2674 idoneum

81 2716 137 2754 non
152 2697 248 2753 habet:
270 2711 397 2772 praeterea
408 2697 442 2752 ad
457 2698 575 2772 primunr
589 2697 674 2753 istum
686 2697 813 2752 incurva-

80 2790 135 2844 tur,
146 2775 333 2852 sequentesque
348 2796 441 2851 parurn
456 2776 575 2832 efficaces
589 2775 679 2845 habet,
700 2773 748 2830 uisr
760 2794 811 2850 pe-

80 2856 116 2914 de
139 2856 238 2933 presius
256 2857 357 2913 iterum
378 2855 517 2925 dirigatur.
558 2855 694 2912 Eventunr
714 2855 812 2930 praelii,

80 2942 170 3010 quurn'
185 2937 213 2991 in
232 2936 343 2993 meliore
361 2935 406 3012 spe
421 2935 539 2992 Romani
556 2935 648 3006 essent,
669 2933 741 2992 haud
758 2935 811 2992 du·

81 3012 158 3072 bium
169 3014 238 3073 -secit
257 3018 379 3093 equitum
393 3016 506 3086 reditus,
520 3012 585 3153 lqui,
606 3015 717 3085 Gallico
734 3017 816 3094 equi-

484 3096 506 3154 B
552 3114 571 3155 2
