<?xml version="1.0" encoding="UTF-8"?>
<!DOCTYPE html PUBLIC "-//W3C//DTD XHTML 1.0 Transitional//EN"
    "http://www.w3.org/TR/xhtml1/DTD/xhtml1-transitional.dtd">
<html xmlns="http://www.w3.org/1999/xhtml" xml:lang="en" lang="en">
 <head>
  <title>
</title>
<meta http-equiv="Content-Type" content="text/html;charset=utf-8" />
  <meta name='ocr-system' content='tesseract 3.04.00' />
  <meta name='ocr-capabilities' content='ocr_page ocr_carea ocr_par ocr_line ocrx_word'/>
</head>
<body>
  <div class='ocr_page' id='page_1' title='image "./appendixliviana00livygoog_0182.png"; bbox 0 0 1956 3736; ppageno 0'>
   <div class='ocr_carea' id='block_1_1' title="bbox 158 169 789 256">
    <p class='ocr_par' dir='ltr' id='par_1_1' title="bbox 158 169 789 256">
     <span class='ocr_line' id='line_1_1' title="bbox 158 169 789 256; baseline 0.008 -29"><span class='ocrx_word' id='word_1_1' title='bbox 158 169 347 230; x_wconf 78' lang='lat' dir='ltr'>Surruuu.</span> <span class='ocrx_word' id='word_1_2' title='bbox 370 170 507 231; x_wconf 84' lang='lat' dir='ltr'>L.x111.</span> <span class='ocrx_word' id='word_1_3' title='bbox 530 171 688 231; x_wconf 76' lang='lat' dir='ltr'>Lrvrnu.</span> <span class='ocrx_word' id='word_1_4' title='bbox 749 192 789 256; x_wconf 81' lang='lat'>45</span> 
     </span>
    </p>
   </div>
   <div class='ocr_carea' id='block_1_2' title="bbox 10 301 870 3116">
    <p class='ocr_par' dir='ltr' id='par_1_2' title="bbox 10 301 870 1094">
     <span class='ocr_line' id='line_1_2' title="bbox 59 301 870 380; baseline 0.002 -20"><span class='ocrx_word' id='word_1_5' title='bbox 59 301 221 375; x_wconf 62' lang='lat' dir='ltr'>drudorum</span> <span class='ocrx_word' id='word_1_6' title='bbox 232 305 351 359; x_wconf 82' lang='lat' dir='ltr'>exercitu</span> <span class='ocrx_word' id='word_1_7' title='bbox 362 306 447 374; x_wconf 78' lang='lat' dir='ltr'>renio,</span> <span class='ocrx_word' id='word_1_8' title='bbox 468 302 562 360; x_wconf 81' lang='lat' dir='ltr'>Marte</span> <span class='ocrx_word' id='word_1_9' title='bbox 566 302 667 380; x_wconf 83' lang='lat' dir='ltr'>judice,</span> <span class='ocrx_word' id='word_1_10' title='bbox 688 309 870 363; x_wconf 38' lang='lat' dir='ltr'>aullorenmc</span> 
     </span>
     <span class='ocr_line' id='line_1_3' title="bbox 60 381 865 460; baseline -0.004 -20"><span class='ocrx_word' id='word_1_11' title='bbox 60 386 158 456; x_wconf 83' lang='lat' dir='ltr'>generis</span> <span class='ocrx_word' id='word_1_12' title='bbox 171 383 263 452; x_wconf 72' lang='lat' dir='ltr'>nostri,</span> <span class='ocrx_word' id='word_1_13' title='bbox 284 381 313 439; x_wconf 84' lang='lat' dir='ltr'>de</span> <span class='ocrx_word' id='word_1_14' title='bbox 328 383 437 454; x_wconf 77' lang='lat' dir='ltr'>nollro</span> <span class='ocrx_word' id='word_1_15' title='bbox 418 401 484 460; x_wconf 65' lang='lat' dir='ltr'>jure</span> <span class='ocrx_word' id='word_1_16' title='bbox 498 383 693 457; x_wconf 80' lang='lat' dir='ltr'>disceptaturus</span> <span class='ocrx_word' id='word_1_17' title='bbox 726 383 788 442; x_wconf 90' lang='lat' dir='ltr'>Ne·</span> <span class='ocrx_word' id='word_1_18' title='bbox 807 390 865 438; x_wconf 79' lang='lat'>472·</span> 
     </span>
     <span class='ocr_line' id='line_1_4' title="bbox 19 444 869 554; baseline 0.002 -34"><span class='ocrx_word' id='word_1_19' title='bbox 19 460 22 469; x_wconf 84' lang='grc'><strong>’</strong></span> <span class='ocrx_word' id='word_1_20' title='bbox 62 482 111 539; x_wconf 88' lang='lat' dir='ltr'>que</span> <span class='ocrx_word' id='word_1_21' title='bbox 129 461 181 519; x_wconf 89' lang='lat' dir='ltr'>diu</span> <span class='ocrx_word' id='word_1_22' title='bbox 198 476 318 518; x_wconf 89' lang='lat' dir='ltr'>moratus</span> <span class='ocrx_word' id='word_1_23' title='bbox 338 461 411 532; x_wconf 73' lang='lat' dir='ltr'>signa</span> <span class='ocrx_word' id='word_1_24' title='bbox 432 463 530 532; x_wconf 90' lang='lat' dir='ltr'>movit,</span> <span class='ocrx_word' id='word_1_25' title='bbox 551 463 663 522; x_wconf 83' lang='lat' dir='ltr'>&amp;inter</span> <span class='ocrx_word' id='word_1_26' title='bbox 683 444 869 554; x_wconf 40' lang='lat' dir='ltr'>Pande-¹³13c</span> 
     </span>
     <span class='ocr_line' id='line_1_5' title="bbox 10 519 857 619; baseline 0.004 -21"><span class='ocrx_word' id='word_1_27' title='bbox 10 586 12 591; x_wconf 92' lang='grc'>.</span> <span class='ocrx_word' id='word_1_28' title='bbox 62 541 123 599; x_wconf 81' lang='lat' dir='ltr'>Iram</span> <span class='ocrx_word' id='word_1_29' title='bbox 143 545 171 598; x_wconf 72' lang='grc' dir='ltr'>δι</span> <span class='ocrx_word' id='word_1_30' title='bbox 193 541 357 599; x_wconf 83' lang='lat' dir='ltr'>Heracleam</span> <span class='ocrx_word' id='word_1_31' title='bbox 377 541 473 613; x_wconf 85' lang='lat' dir='ltr'>urbes,</span> <span class='ocrx_word' id='word_1_32' title='bbox 498 543 561 600; x_wconf 90' lang='lat' dir='ltr'>loco</span> <span class='ocrx_word' id='word_1_33' title='bbox 582 543 731 619; x_wconf 83' lang='lat' dir='ltr'>campestri,</span> <span class='ocrx_word' id='word_1_34' title='bbox 756 544 791 601; x_wconf 90' lang='lat' dir='ltr'>ab</span> <span class='ocrx_word' id='word_1_35' title='bbox 807 519 857 554; x_wconf 74' lang='lat'>²⁰</span> 
     </span>
     <span class='ocr_line' id='line_1_6' title="bbox 63 620 788 692; baseline 0.006 -14"><span class='ocrx_word' id='word_1_36' title='bbox 63 621 199 680; x_wconf 81' lang='lat' dir='ltr'>hostilibus</span> <span class='ocrx_word' id='word_1_37' title='bbox 226 621 312 677; x_wconf 85' lang='lat' dir='ltr'>castris</span> <span class='ocrx_word' id='word_1_38' title='bbox 339 620 437 678; x_wconf 87' lang='lat' dir='ltr'>divisus</span> <span class='ocrx_word' id='word_1_39' title='bbox 462 621 631 692; x_wconf 43' lang='lat' dir='ltr'>Siti-amne,</span> <span class='ocrx_word' id='word_1_40' title='bbox 660 623 788 684; x_wconf 84' lang='lat' dir='ltr'>consedit.</span> 
     </span>
     <span class='ocr_line' id='line_1_7' title="bbox 63 700 791 776; baseline 0.004 -18"><span class='ocrx_word' id='word_1_41' title='bbox 63 700 142 759; x_wconf 84' lang='lat' dir='ltr'>Fama</span> <span class='ocrx_word' id='word_1_42' title='bbox 158 700 197 758; x_wconf 86' lang='lat' dir='ltr'>est</span> <span class='ocrx_word' id='word_1_43' title='bbox 212 700 346 774; x_wconf 90' lang='lat' dir='ltr'>Pyrrhum</span> <span class='ocrx_word' id='word_1_44' title='bbox 365 700 515 776; x_wconf 85' lang='lat' dir='ltr'>speculandi</span> <span class='ocrx_word' id='word_1_45' title='bbox 536 703 613 758; x_wconf 71' lang='lat' dir='ltr'>causi</span> <span class='ocrx_word' id='word_1_46' title='bbox 629 701 663 758; x_wconf 90' lang='lat' dir='ltr'>ad</span> <span class='ocrx_word' id='word_1_47' title='bbox 681 722 791 761; x_wconf 88' lang='lat' dir='ltr'>amnem</span> 
     </span>
     <span class='ocr_line' id='line_1_8' title="bbox 62 779 789 858; baseline 0.001 -20"><span class='ocrx_word' id='word_1_48' title='bbox 62 780 237 857; x_wconf 70' lang='lat' dir='ltr'>progressum,</span> <span class='ocrx_word' id='word_1_49' title='bbox 251 799 336 856; x_wconf 89' lang='lat' dir='ltr'>quum</span> <span class='ocrx_word' id='word_1_50' title='bbox 349 779 428 838; x_wconf 89' lang='lat' dir='ltr'>castra</span> <span class='ocrx_word' id='word_1_51' title='bbox 440 781 564 837; x_wconf 86' lang='lat' dir='ltr'>Romana</span> <span class='ocrx_word' id='word_1_52' title='bbox 578 779 718 850; x_wconf 72' lang='lat' dir='ltr'>diligenter</span> <span class='ocrx_word' id='word_1_53' title='bbox 730 782 789 858; x_wconf 89' lang='lat' dir='ltr'>spe-</span> 
     </span>
     <span class='ocr_line' id='line_1_9' title="bbox 62 859 789 930; baseline 0.004 -12"><span class='ocrx_word' id='word_1_54' title='bbox 62 860 188 929; x_wconf 75' lang='lat' dir='ltr'>iiavill&#39;et,</span> <span class='ocrx_word' id='word_1_55' title='bbox 209 859 257 916; x_wconf 90' lang='lat' dir='ltr'>uni</span> <span class='ocrx_word' id='word_1_56' title='bbox 278 879 312 917; x_wconf 83' lang='lat' dir='ltr'>ex</span> <span class='ocrx_word' id='word_1_57' title='bbox 331 859 434 930; x_wconf 86' lang='lat' dir='ltr'>amicis,</span> <span class='ocrx_word' id='word_1_58' title='bbox 461 861 505 918; x_wconf 88' lang='lat' dir='ltr'>cui</span> <span class='ocrx_word' id='word_1_59' title='bbox 527 859 666 930; x_wconf 82' lang='lat' dir='ltr'>Megacles</span> <span class='ocrx_word' id='word_1_60' title='bbox 688 880 789 921; x_wconf 83' lang='lat' dir='ltr'>nornen</span> 
     </span>
     <span class='ocr_line' id='line_1_10' title="bbox 61 938 790 1013; baseline 0 -16"><span class='ocrx_word' id='word_1_61' title='bbox 61 953 123 1010; x_wconf 86' lang='lat' dir='ltr'>erat,</span> <span class='ocrx_word' id='word_1_62' title='bbox 152 938 270 996; x_wconf 83' lang='lat' dir='ltr'>dixiffe:</span> <span class='ocrx_word' id='word_1_63' title='bbox 300 939 372 996; x_wconf 85' lang='lat' dir='ltr'>Ordo</span> <span class='ocrx_word' id='word_1_64' title='bbox 399 938 467 996; x_wconf 68' lang='lat' dir='ltr'>certi</span> <span class='ocrx_word' id='word_1_65' title='bbox 493 938 662 995; x_wconf 76' lang='lat' dir='ltr'>barbarorum</span> <span class='ocrx_word' id='word_1_66' title='bbox 686 940 790 1013; x_wconf 80' lang='lat' dir='ltr'>istorum</span> 
     </span>
     <span class='ocr_line' id='line_1_11' title="bbox 60 1017 785 1094; baseline -0.004 -17"><span class='ocrx_word' id='word_1_67' title='bbox 60 1017 161 1077; x_wconf 68' lang='lat' dir='ltr'>minim?</span> <span class='ocrx_word' id='word_1_68' title='bbox 181 1019 309 1075; x_wconf 81' lang='lat' dir='ltr'>barbarus</span> <span class='ocrx_word' id='word_1_69' title='bbox 328 1019 381 1094; x_wconf 74' lang='lat' dir='ltr'>est:</span> <span class='ocrx_word' id='word_1_70' title='bbox 403 1032 432 1076; x_wconf 83' lang='lat' dir='ltr'>at</span> <span class='ocrx_word' id='word_1_71' title='bbox 442 1020 524 1093; x_wconf 71' lang='lat' dir='ltr'>salla</span> <span class='ocrx_word' id='word_1_72' title='bbox 543 1036 603 1077; x_wconf 80' lang='lat' dir='ltr'>mox</span> <span class='ocrx_word' id='word_1_73' title='bbox 623 1018 756 1092; x_wconf 79' lang='lat' dir='ltr'><em>noscemus.</em></span> <span class='ocrx_word' id='word_1_74' title='bbox 782 1026 785 1030; x_wconf 88' lang='lat'>&#39;</span> 
     </span>
    </p>

    <p class='ocr_par' dir='ltr' id='par_1_3' title="bbox 59 1094 794 2760">
     <span class='ocr_line' id='line_1_12' title="bbox 96 1094 792 1175; baseline 0 -19"><span class='ocrx_word' id='word_1_75' title='bbox 96 1098 160 1157; x_wconf 89' lang='grc' dir='ltr'><strong>ΙΙΙ.</strong></span> <span class='ocrx_word' id='word_1_76' title='bbox 188 1097 267 1156; x_wconf 87' lang='lat' dir='ltr'>Tum</span> <span class='ocrx_word' id='word_1_77' title='bbox 287 1112 378 1155; x_wconf 84' lang='lat' dir='ltr'>autem</span> <span class='ocrx_word' id='word_1_78' title='bbox 399 1098 434 1156; x_wconf 91' lang='lat' dir='ltr'>ad</span> <span class='ocrx_word' id='word_1_79' title='bbox 454 1100 540 1175; x_wconf 82' lang='lat' dir='ltr'>ripam</span> <span class='ocrx_word' id='word_1_80' title='bbox 562 1097 638 1155; x_wconf 71' lang='lat' dir='ltr'>firmi</span> <span class='ocrx_word' id='word_1_81' title='bbox 661 1094 792 1156; x_wconf 72' lang='lat' dir='ltr'>collocati</span> 
     </span>
     <span class='ocr_line' id='line_1_13' title="bbox 60 1177 791 1254; baseline 0 -18"><span class='ocrx_word' id='word_1_82' title='bbox 60 1177 181 1248; x_wconf 71' lang='lat' dir='ltr'>statium,</span> <span class='ocrx_word' id='word_1_83' title='bbox 202 1197 264 1254; x_wconf 89' lang='lat' dir='ltr'>quae</span> <span class='ocrx_word' id='word_1_84' title='bbox 275 1177 413 1236; x_wconf 81' lang='lat' dir='ltr'>tranfitum</span> <span class='ocrx_word' id='word_1_85' title='bbox 427 1193 558 1237; x_wconf 85' lang='lat' dir='ltr'>tentantes</span> <span class='ocrx_word' id='word_1_86' title='bbox 572 1193 683 1249; x_wconf 80' lang='lat' dir='ltr'>arceret,</span> <span class='ocrx_word' id='word_1_87' title='bbox 705 1197 791 1254; x_wconf 86' lang='lat' dir='ltr'>oppe-</span> 
     </span>
     <span class='ocr_line' id='line_1_14' title="bbox 60 1255 793 1335; baseline 0.004 -21"><span class='ocrx_word' id='word_1_88' title='bbox 60 1257 105 1314; x_wconf 90' lang='lat' dir='ltr'>riri</span> <span class='ocrx_word' id='word_1_89' title='bbox 118 1257 205 1314; x_wconf 84' lang='lat' dir='ltr'>socios</span> <span class='ocrx_word' id='word_1_90' title='bbox 218 1257 368 1327; x_wconf 76' lang='lat' dir='ltr'>constituit,</span> <span class='ocrx_word' id='word_1_91' title='bbox 383 1257 460 1335; x_wconf 89' lang='lat' dir='ltr'>super</span> <span class='ocrx_word' id='word_1_92' title='bbox 472 1260 603 1316; x_wconf 88' lang='lat' dir='ltr'>rationem</span> <span class='ocrx_word' id='word_1_93' title='bbox 621 1258 695 1329; x_wconf 90' lang='lat' dir='ltr'>belli,</span> <span class='ocrx_word' id='word_1_94' title='bbox 716 1255 793 1335; x_wconf 79' lang='lat' dir='ltr'>qudd</span> 
     </span>
     <span class='ocr_line' id='line_1_15' title="bbox 60 1335 790 1408; baseline 0 -14"><span class='ocrx_word' id='word_1_95' title='bbox 60 1335 202 1394; x_wconf 83' lang='lat' dir='ltr'>Romanos</span> <span class='ocrx_word' id='word_1_96' title='bbox 226 1337 255 1393; x_wconf 86' lang='lat' dir='ltr'>in</span> <span class='ocrx_word' id='word_1_97' title='bbox 277 1336 365 1393; x_wconf 89' lang='lat' dir='ltr'>hostili</span> <span class='ocrx_word' id='word_1_98' title='bbox 390 1338 499 1408; x_wconf 80' lang='lat' dir='ltr'>regione</span> <span class='ocrx_word' id='word_1_99' title='bbox 521 1358 612 1396; x_wconf 88' lang='lat' dir='ltr'>rerum</span> <span class='ocrx_word' id='word_1_100' title='bbox 636 1337 790 1397; x_wconf 56' lang='lat' dir='ltr'>necessariass</span> 
     </span>
     <span class='ocr_line' id='line_1_16' title="bbox 59 1415 791 1494; baseline 0.003 -19"><span class='ocrx_word' id='word_1_101' title='bbox 59 1436 120 1475; x_wconf 83' lang='lat' dir='ltr'>rum</span> <span class='ocrx_word' id='word_1_102' title='bbox 141 1416 235 1494; x_wconf 79' lang='lat' dir='ltr'>iuopiri</span> <span class='ocrx_word' id='word_1_103' title='bbox 254 1415 418 1474; x_wconf 86' lang='lat' dir='ltr'>laboraturos</span> <span class='ocrx_word' id='word_1_104' title='bbox 437 1419 487 1475; x_wconf 84' lang='lat' dir='ltr'>elle</span> <span class='ocrx_word' id='word_1_105' title='bbox 506 1418 634 1493; x_wconf 80' lang='lat' dir='ltr'>sperabat,</span> <span class='ocrx_word' id='word_1_106' title='bbox 656 1419 737 1475; x_wconf 89' lang='lat' dir='ltr'>etiam</span> <span class='ocrx_word' id='word_1_107' title='bbox 756 1417 791 1477; x_wconf 89' lang='lat' dir='ltr'>fi·</span> 
     </span>
     <span class='ocr_line' id='line_1_17' title="bbox 59 1494 793 1572; baseline 0.001 -18"><span class='ocrx_word' id='word_1_108' title='bbox 59 1494 138 1554; x_wconf 65' lang='lat' dir='ltr'>ducii</span> <span class='ocrx_word' id='word_1_109' title='bbox 158 1495 267 1553; x_wconf 79' lang='lat' dir='ltr'>Laevini</span> <span class='ocrx_word' id='word_1_110' title='bbox 288 1495 402 1555; x_wconf 84' lang='lat' dir='ltr'>anxius:</span> <span class='ocrx_word' id='word_1_111' title='bbox 424 1499 501 1572; x_wconf 89' lang='lat' dir='ltr'>cujus</span> <span class='ocrx_word' id='word_1_112' title='bbox 520 1497 564 1554; x_wconf 90' lang='lat' dir='ltr'>ille</span> <span class='ocrx_word' id='word_1_113' title='bbox 586 1497 793 1555; x_wconf 84' lang='lat' dir='ltr'>admirationem</span> 
     </span>
     <span class='ocr_line' id='line_1_18' title="bbox 59 1574 793 1654; baseline 0 -20"><span class='ocrx_word' id='word_1_114' title='bbox 59 1595 132 1634; x_wconf 83' lang='lat' dir='ltr'>novo</span> <span class='ocrx_word' id='word_1_115' title='bbox 147 1574 301 1633; x_wconf 85' lang='lat' dir='ltr'>testimonio</span> <span class='ocrx_word' id='word_1_116' title='bbox 317 1595 404 1654; x_wconf 88' lang='lat' dir='ltr'>nuper</span> <span class='ocrx_word' id='word_1_117' title='bbox 417 1589 536 1645; x_wconf 83' lang='lat' dir='ltr'>auxerat,</span> <span class='ocrx_word' id='word_1_118' title='bbox 557 1575 669 1633; x_wconf 79' lang='lat' dir='ltr'>dimiffia</span> <span class='ocrx_word' id='word_1_119' title='bbox 680 1578 793 1652; x_wconf 84' lang='lat' dir='ltr'>impune</span> 
     </span>
     <span class='ocr_line' id='line_1_19' title="bbox 59 1654 793 1733; baseline -0.003 -20"><span class='ocrx_word' id='word_1_120' title='bbox 59 1654 191 1725; x_wconf 79' lang='lat' dir='ltr'>hostibus,</span> <span class='ocrx_word' id='word_1_121' title='bbox 212 1655 260 1726; x_wconf 87' lang='lat' dir='ltr'>qui</span> <span class='ocrx_word' id='word_1_122' title='bbox 276 1654 311 1712; x_wconf 90' lang='lat' dir='ltr'>ad</span> <span class='ocrx_word' id='word_1_123' title='bbox 328 1654 492 1733; x_wconf 78' lang='lat' dir='ltr'>exploranda</span> <span class='ocrx_word' id='word_1_124' title='bbox 513 1655 592 1712; x_wconf 87' lang='lat' dir='ltr'>castra</span> <span class='ocrx_word' id='word_1_125' title='bbox 608 1667 746 1723; x_wconf 84' lang='lat' dir='ltr'>venerant,</span> <span class='ocrx_word' id='word_1_126' title='bbox 766 1659 793 1711; x_wconf 72' lang='grc' dir='ltr'>δι</span> 
     </span>
     <span class='ocr_line' id='line_1_20' title="bbox 59 1733 793 1813; baseline -0.005 -20"><span class='ocrx_word' id='word_1_127' title='bbox 59 1735 179 1812; x_wconf 67' lang='lat' dir='ltr'>adjeelo,</span> <span class='ocrx_word' id='word_1_128' title='bbox 192 1733 247 1810; x_wconf 82' lang='lat' dir='ltr'>fibi</span> <span class='ocrx_word' id='word_1_129' title='bbox 259 1734 394 1810; x_wconf 76' lang='lat' dir='ltr'>praetere&#39;a</span> <span class='ocrx_word' id='word_1_130' title='bbox 411 1736 531 1813; x_wconf 62' lang='lat' dir='ltr'>majam</span> <span class='ocrx_word' id='word_1_131' title='bbox 551 1734 631 1791; x_wconf 80' lang='lat' dir='ltr'>alium</span> <span class='ocrx_word' id='word_1_132' title='bbox 649 1735 793 1791; x_wconf 76' lang='lat' dir='ltr'>exercitum</span> 
     </span>
     <span class='ocr_line' id='line_1_21' title="bbox 60 1814 794 1890; baseline 0.001 -18"><span class='ocrx_word' id='word_1_133' title='bbox 60 1817 116 1890; x_wconf 81' lang='lat' dir='ltr'>effe.</span> <span class='ocrx_word' id='word_1_134' title='bbox 161 1815 239 1872; x_wconf 88' lang='lat' dir='ltr'>Inter</span> <span class='ocrx_word' id='word_1_135' title='bbox 256 1814 326 1885; x_wconf 84' lang='lat' dir='ltr'>haec,</span> <span class='ocrx_word' id='word_1_136' title='bbox 347 1827 377 1871; x_wconf 92' lang='lat' dir='ltr'>ut</span> <span class='ocrx_word' id='word_1_137' title='bbox 394 1815 488 1872; x_wconf 91' lang='lat' dir='ltr'>vicinis</span> <span class='ocrx_word' id='word_1_138' title='bbox 506 1814 604 1885; x_wconf 87' lang='lat' dir='ltr'>castris,</span> <span class='ocrx_word' id='word_1_139' title='bbox 625 1814 794 1873; x_wconf 80' lang='lat' dir='ltr'>velitationea</span> 
     </span>
     <span class='ocr_line' id='line_1_22' title="bbox 60 1893 792 1972; baseline 0 -20"><span class='ocrx_word' id='word_1_140' title='bbox 60 1895 197 1952; x_wconf 79' lang='lat' dir='ltr'>continuae</span> <span class='ocrx_word' id='word_1_141' title='bbox 215 1893 331 1952; x_wconf 84' lang='lat' dir='ltr'>fiebant:</span> <span class='ocrx_word' id='word_1_142' title='bbox 352 1893 387 1951; x_wconf 90' lang='lat' dir='ltr'>ad</span> <span class='ocrx_word' id='word_1_143' title='bbox 405 1895 537 1954; x_wconf 87' lang='lat' dir='ltr'>summam</span> <span class='ocrx_word' id='word_1_144' title='bbox 558 1915 649 1954; x_wconf 87' lang='lat' dir='ltr'>rerum</span> <span class='ocrx_word' id='word_1_145' title='bbox 667 1894 792 1972; x_wconf 79' lang='lat' dir='ltr'>prolicie-</span> 
     </span>
     <span class='ocr_line' id='line_1_23' title="bbox 60 1973 794 2067; baseline 0.001 -35"><span class='ocrx_word' id='word_1_146' title='bbox 60 1973 138 2032; x_wconf 77' lang='lat' dir='ltr'>batur</span> <span class='ocrx_word' id='word_1_147' title='bbox 159 1973 238 2032; x_wconf 89' lang='lat' dir='ltr'>nihil.</span> <span class='ocrx_word' id='word_1_148' title='bbox 280 1974 369 2044; x_wconf 87' lang='lat' dir='ltr'>Igitur</span> <span class='ocrx_word' id='word_1_149' title='bbox 385 1973 479 2033; x_wconf 86' lang='lat' dir='ltr'>diebus</span> <span class='ocrx_word' id='word_1_150' title='bbox 497 1977 583 2035; x_wconf 83' lang='lat' dir='ltr'>ferme</span> <span class='ocrx_word' id='word_1_151' title='bbox 601 1975 794 2067; x_wconf 78' lang='lat' dir='ltr'>quinquaginta</span> 
     </span>
     <span class='ocr_line' id='line_1_24' title="bbox 61 2052 792 2131; baseline -0.004 -18"><span class='ocrx_word' id='word_1_152' title='bbox 61 2073 109 2131; x_wconf 87' lang='lat' dir='ltr'>per</span> <span class='ocrx_word' id='word_1_153' title='bbox 125 2053 189 2113; x_wconf 83' lang='lat' dir='ltr'>haec</span> <span class='ocrx_word' id='word_1_154' title='bbox 208 2052 310 2111; x_wconf 89' lang='lat' dir='ltr'>leviora</span> <span class='ocrx_word' id='word_1_155' title='bbox 328 2055 472 2112; x_wconf 87' lang='lat' dir='ltr'>certamina</span> <span class='ocrx_word' id='word_1_156' title='bbox 487 2055 667 2130; x_wconf 81' lang='lat' dir='ltr'>consumptis,</span> <span class='ocrx_word' id='word_1_157' title='bbox 689 2054 792 2124; x_wconf 85' lang='lat' dir='ltr'>consul,</span> 
     </span>
     <span class='ocr_line' id='line_1_25' title="bbox 61 2131 792 2211; baseline -0.007 -19.879"><span class='ocrx_word' id='word_1_158' title='bbox 61 2131 136 2211; x_wconf 78' lang='lat' dir='ltr'>qubd</span> <span class='ocrx_word' id='word_1_159' title='bbox 146 2131 242 2192; x_wconf 86' lang='lat' dir='ltr'>iisdem</span> <span class='ocrx_word' id='word_1_160' title='bbox 254 2132 335 2191; x_wconf 79' lang='lat' dir='ltr'>causis</span> <span class='ocrx_word' id='word_1_161' title='bbox 348 2132 382 2190; x_wconf 89' lang='lat' dir='ltr'>ad</span> <span class='ocrx_word' id='word_1_162' title='bbox 393 2134 570 2192; x_wconf 88' lang='lat' dir='ltr'>festinandum</span> <span class='ocrx_word' id='word_1_163' title='bbox 584 2133 718 2208; x_wconf 69' lang='lat' dir='ltr'>pralium,</span> <span class='ocrx_word' id='word_1_164' title='bbox 731 2131 792 2207; x_wconf 90' lang='lat' dir='ltr'>qui</span> 
     </span>
     <span class='ocr_line' id='line_1_26' title="bbox 61 2155 793 2290; baseline -0.003 -19.997"><span class='ocrx_word' id='word_1_165' title='bbox 61 2155 111 2271; x_wconf 73' lang='lat' dir='ltr'>bur</span> <span class='ocrx_word' id='word_1_166' title='bbox 126 2212 247 2290; x_wconf 81' lang='lat' dir='ltr'>Pyrrhus</span> <span class='ocrx_word' id='word_1_167' title='bbox 261 2212 295 2270; x_wconf 92' lang='lat' dir='ltr'>ad</span> <span class='ocrx_word' id='word_1_168' title='bbox 307 2212 486 2271; x_wconf 83' lang='lat' dir='ltr'>differendum</span> <span class='ocrx_word' id='word_1_169' title='bbox 501 2212 672 2282; x_wconf 87' lang='lat' dir='ltr'>movebatur,</span> <span class='ocrx_word' id='word_1_170' title='bbox 692 2209 793 2268; x_wconf 74' lang='lat' dir='ltr'>milites</span> 
     </span>
     <span class='ocr_line' id='line_1_27' title="bbox 63 2289 791 2359; baseline -0.008 -9"><span class='ocrx_word' id='word_1_171' title='bbox 63 2293 89 2351; x_wconf 89' lang='lat' dir='ltr'>in</span> <span class='ocrx_word' id='word_1_172' title='bbox 102 2294 266 2350; x_wconf 85' lang='lat' dir='ltr'>concionem</span> <span class='ocrx_word' id='word_1_173' title='bbox 280 2306 390 2350; x_wconf 84' lang='lat' dir='ltr'>vocatos</span> <span class='ocrx_word' id='word_1_174' title='bbox 405 2293 506 2350; x_wconf 78' lang='lat' dir='ltr'>consilii</span> <span class='ocrx_word' id='word_1_175' title='bbox 520 2293 558 2350; x_wconf 89' lang='lat' dir='ltr'>sui</span> <span class='ocrx_word' id='word_1_176' title='bbox 574 2291 700 2348; x_wconf 88' lang='lat' dir='ltr'>certiores</span> <span class='ocrx_word' id='word_1_177' title='bbox 716 2289 791 2359; x_wconf 89' lang='lat' dir='ltr'>facit,</span> 
     </span>
     <span class='ocr_line' id='line_1_28' title="bbox 63 2332 794 2445; baseline -0.008 -15"><span class='ocrx_word' id='word_1_178' title='bbox 63 2372 189 2430; x_wconf 77' lang='lat' dir='ltr'>adversus</span> <span class='ocrx_word' id='word_1_179' title='bbox 208 2373 276 2430; x_wconf 88' lang='lat' dir='ltr'>novi</span> <span class='ocrx_word' id='word_1_180' title='bbox 292 2372 373 2431; x_wconf 82' lang='lat' dir='ltr'>hostis</span> <span class='ocrx_word' id='word_1_181' title='bbox 393 2389 498 2431; x_wconf 90' lang='lat' dir='ltr'>metum</span> <span class='ocrx_word' id='word_1_182' title='bbox 515 2369 672 2430; x_wconf 81' lang='lat' dir='ltr'>confirmat:</span> <span class='ocrx_word' id='word_1_183' title='bbox 695 2332 794 2445; x_wconf 90' lang='lat' dir='ltr'>Pyrrhi</span> 
     </span>
     <span class='ocr_line' id='line_1_29' title="bbox 64 2448 791 2528; baseline -0.004 -20"><span class='ocrx_word' id='word_1_184' title='bbox 64 2453 173 2522; x_wconf 85' lang='lat' dir='ltr'>famam,</span> <span class='ocrx_word' id='word_1_185' title='bbox 200 2452 351 2511; x_wconf 83' lang='lat' dir='ltr'>belluarum</span> <span class='ocrx_word' id='word_1_186' title='bbox 375 2468 515 2524; x_wconf 86' lang='lat' dir='ltr'>terrorem,</span> <span class='ocrx_word' id='word_1_187' title='bbox 541 2449 671 2528; x_wconf 88' lang='lat' dir='ltr'>quantum</span> <span class='ocrx_word' id='word_1_188' title='bbox 695 2448 791 2525; x_wconf 79' lang='lat' dir='ltr'>potest,</span> 
     </span>
     <span class='ocr_line' id='line_1_30' title="bbox 64 2530 794 2607; baseline -0.004 -16"><span class='ocrx_word' id='word_1_189' title='bbox 64 2533 165 2591; x_wconf 84' lang='lat' dir='ltr'>elevat:</span> <span class='ocrx_word' id='word_1_190' title='bbox 188 2530 304 2607; x_wconf 89' lang='lat' dir='ltr'>denique</span> <span class='ocrx_word' id='word_1_191' title='bbox 320 2531 399 2590; x_wconf 86' lang='lat' dir='ltr'>rebus</span> <span class='ocrx_word' id='word_1_192' title='bbox 414 2533 539 2591; x_wconf 86' lang='lat' dir='ltr'>omnibus</span> <span class='ocrx_word' id='word_1_193' title='bbox 559 2532 596 2588; x_wconf 91' lang='lat' dir='ltr'>ita</span> <span class='ocrx_word' id='word_1_194' title='bbox 611 2531 636 2587; x_wconf 87' lang='lat' dir='ltr'>se</span> <span class='ocrx_word' id='word_1_195' title='bbox 657 2542 741 2606; x_wconf 79' lang='lat' dir='ltr'>parat,</span> <span class='ocrx_word' id='word_1_196' title='bbox 763 2543 794 2588; x_wconf 90' lang='lat' dir='ltr'>ut</span> 
     </span>
     <span class='ocr_line' id='line_1_31' title="bbox 64 2611 794 2682; baseline -0.007 -11"><span class='ocrx_word' id='word_1_197' title='bbox 64 2614 105 2671; x_wconf 86' lang='lat' dir='ltr'>vel</span> <span class='ocrx_word' id='word_1_198' title='bbox 124 2612 235 2669; x_wconf 89' lang='lat' dir='ltr'>volente</span> <span class='ocrx_word' id='word_1_199' title='bbox 253 2631 317 2669; x_wconf 90' lang='lat' dir='ltr'>cum</span> <span class='ocrx_word' id='word_1_200' title='bbox 336 2612 410 2669; x_wconf 89' lang='lat' dir='ltr'>hoste</span> <span class='ocrx_word' id='word_1_201' title='bbox 431 2611 629 2682; x_wconf 81' lang='lat' dir='ltr'>congrediatur,</span> <span class='ocrx_word' id='word_1_202' title='bbox 649 2611 693 2668; x_wconf 89' lang='lat' dir='ltr'>vel</span> <span class='ocrx_word' id='word_1_203' title='bbox 712 2611 794 2667; x_wconf 87' lang='lat' dir='ltr'>etiarn</span> 
     </span>
     <span class='ocr_line' id='line_1_32' title="bbox 64 2690 492 2760; baseline -0.01 -10"><span class='ocrx_word' id='word_1_204' title='bbox 64 2694 179 2750; x_wconf 85' lang='lat' dir='ltr'>invitum</span> <span class='ocrx_word' id='word_1_205' title='bbox 195 2705 274 2760; x_wconf 85' lang='lat' dir='ltr'>cogat</span> <span class='ocrx_word' id='word_1_206' title='bbox 288 2690 324 2747; x_wconf 88' lang='lat' dir='ltr'>ad</span> <span class='ocrx_word' id='word_1_207' title='bbox 337 2703 492 2749; x_wconf 78' lang='lat' dir='ltr'>certamem·</span> 
     </span>
    </p>

    <p class='ocr_par' dir='ltr' id='par_1_4' title="bbox 65 2766 795 3091">
     <span class='ocr_line' id='line_1_33' title="bbox 102 2766 795 2848; baseline -0.006 -19"><span class='ocrx_word' id='word_1_208' title='bbox 102 2773 162 2831; x_wconf 90' lang='lat' dir='ltr'>IV.</span> <span class='ocrx_word' id='word_1_209' title='bbox 186 2771 293 2847; x_wconf 90' lang='lat' dir='ltr'>Itaque,</span> <span class='ocrx_word' id='word_1_210' title='bbox 319 2771 459 2848; x_wconf 87' lang='lat' dir='ltr'>postquam</span> <span class='ocrx_word' id='word_1_211' title='bbox 482 2768 616 2844; x_wconf 89' lang='lat' dir='ltr'>Pyrrhum</span> <span class='ocrx_word' id='word_1_212' title='bbox 640 2786 746 2824; x_wconf 87' lang='lat' dir='ltr'>manere</span> <span class='ocrx_word' id='word_1_213' title='bbox 766 2766 795 2836; x_wconf 82' lang='lat' dir='ltr'>in</span> 
     </span>
     <span class='ocr_line' id='line_1_34' title="bbox 65 2830 794 2939; baseline -0.001 -33"><span class='ocrx_word' id='word_1_214' title='bbox 65 2850 190 2910; x_wconf 85' lang='lat' dir='ltr'>sententia</span> <span class='ocrx_word' id='word_1_215' title='bbox 204 2849 290 2920; x_wconf 85' lang='lat' dir='ltr'>videt,</span> <span class='ocrx_word' id='word_1_216' title='bbox 312 2852 461 2928; x_wconf 86' lang='lat' dir='ltr'>equitatum</span> <span class='ocrx_word' id='word_1_217' title='bbox 476 2869 598 2918; x_wconf 87' lang='lat' dir='ltr'>omnem,</span> <span class='ocrx_word' id='word_1_218' title='bbox 619 2862 744 2939; x_wconf 80' lang='lat' dir='ltr'>tanquam</span> <span class='ocrx_word' id='word_1_219' title='bbox 760 2830 794 2906; x_wconf 86' lang='lat' dir='ltr'>ad</span> 
     </span>
     <span class='ocr_line' id='line_1_35' title="bbox 65 2927 794 3019; baseline -0.001 -33"><span class='ocrx_word' id='word_1_220' title='bbox 65 2949 190 3003; x_wconf 78' lang='lat' dir='ltr'>agrorum</span> <span class='ocrx_word' id='word_1_221' title='bbox 213 2929 333 3007; x_wconf 86' lang='lat' dir='ltr'>praedam</span> <span class='ocrx_word' id='word_1_222' title='bbox 354 2929 537 3003; x_wconf 83' lang='lat' dir='ltr'>excursurunr,</span> <span class='ocrx_word' id='word_1_223' title='bbox 558 2927 713 3019; x_wconf 84' lang='lat' dir='ltr'>praemittit:</span> <span class='ocrx_word' id='word_1_224' title='bbox 740 2928 794 3005; x_wconf 81' lang='lat' dir='ltr'>ipse</span> 
     </span>
     <span class='ocr_line' id='line_1_36' title="bbox 66 3006 795 3116; baseline -0.005 -44"><span class='ocrx_word' id='word_1_225' title='bbox 66 3027 126 3072; x_wconf 79' lang='lat' dir='ltr'>tuan</span> <span class='ocrx_word' id='word_1_226' title='bbox 145 3010 278 3070; x_wconf 71' lang='lat' dir='ltr'>iustruflis</span> <span class='ocrx_word' id='word_1_227' title='bbox 299 3009 450 3084; x_wconf 80' lang='lat' dir='ltr'>legionibus</span> <span class='ocrx_word' id='word_1_228' title='bbox 477 3007 648 3116; x_wconf 80' lang='lat' dir='ltr'>opperitur,</span> <span class='ocrx_word' id='word_1_229' title='bbox 654 3006 739 3069; x_wconf 86' lang='lat' dir='ltr'>donec</span> <span class='ocrx_word' id='word_1_230' title='bbox 766 3008 795 3097; x_wconf 79' lang='grc' dir='ltr'>Ιἰιι</span> 
     </span>
    </p>
   </div>
   <div class='ocr_carea' id='block_1_3' title="bbox 0 0 988 3736">
    <p class='ocr_par' dir='ltr' id='par_1_5' title="bbox 0 0 988 3736">
     <span class='ocr_line' id='line_1_37' title="bbox 0 0 988 3736; baseline 0 0"><span class='ocrx_word' id='word_1_231' title='bbox 0 0 988 3736; x_wconf 95' lang='lat' dir='ltr'> </span> 
     </span>
    </p>
   </div>
  </div>
 </body>
</html>
