1956 3736
173 161 705 226 svmen.L.X1n.L1v-rnr.
768 169 806 243 77
919 196 921 201 ·

71 294 113 348 nir
126 302 321 367 premerentur,
342 290 461 349 tricina
477 291 562 368 insula
583 295 612 348 in
630 303 743 366 tempere
759 291 803 364 es-
815 302 844 349 te.
858 303 886 350 e.

65 373 194 446 suturam
214 373 271 446 effe,
292 391 415 429 novorum
433 375 511 428 etiam
522 373 652 447 sociorum
672 371 806 446 accefflem
822 380 881 425 474·

14 444 18 459 '
70 453 270 523 instructiorem,
292 451 447 529 spopondit.
490 453 585 532 Qum
604 466 695 512 autem
713 453 802 532 praest-
814 433 884 556 {⁸75}

66 531 148 589 dium
167 533 197 588 in
217 532 284 589 urbe
303 531 453 590 Tarentina
473 533 614 592 relietum
634 535 707 607 esset,
728 555 800 606 aegre

68 611 129 688 paffi
151 611 307 683 Tarentini,
328 624 358 668 ut
369 611 425 688 sibe
441 613 488 669 uel
496 615 639 688 praestaret
651 615 800 691 promifflene

66 689 199 748 auxilium
224 695 258 748 iis
287 691 467 749 conditionibus
491 694 583 767 quibes·
607 696 724 770 venisti,
751 708 800 754 aut

59 772 155 846 saltem
175 771 262 829 urbem
272 772 356 846 suam
368 773 523 847 referqueret
538 773 657 843 liberam,
680 775 798 852 postula·

64 866 173 910 verunt.
217 851 323 909 Neutra
342 873 384 910 res
403 852 541 928 impetrari
559 854 657 929 potuit,
678 855 746 912 nihil
759 874 798 914 ae-

64 932 111 1010 qui
123 931 303 1008 respondente
317 932 434 1010 Pyrrho,
455 931 498 990 sed
510 933 623 1007 jubente
635 933 712 992 suum
725 948 799 993 tem-

64 1031 114 1088 pus
129 1011 285 1087 exspectari.

104 1091 158 1148 LI.
182 1091 242 1148 Has
261 1091 331 1149 inter
347 1110 424 1148 curas
438 1091 561 1168 Epirotae
577 1093 659 1164 regis,
681 1092 796 1151 consuli·
908 1111 913 1116 ·

63 1168 112 1228 bus
126 1170 230 1228 bellum
244 1170 377 1229 adversita¹
387 1186 490 1229 ceteros
505 1173 591 1230 hostes
610 1173 713 1232 facilius
732 1173 794 1234 fuit.
852 1213 860 1226 .

31 1270 34 1276 ’
63 1250 120 1307 Res
133 1251 225 1328 itaque
239 1266 332 1308 contra
347 1252 481 1324 Etruscos,
504 1254 641 1324 Lucanos,
664 1254 794 1325 Bruttiot,
900 1284 903 1289 ·

61 1334 87 1403 se
104 1331 239 1388 Samnites
260 1331 383 1408 prospere
405 1333 487 1401 gestas
504 1333 557 1391 hoc
576 1349 699 1411 tempore
718 1333 791 1405 lego.
877 1396 879 1402 ,

61 1411 135 1467 Cum
150 1411 268 1468 Etruscis
281 1412 371 1468 minus
387 1411 463 1468 fuisse
480 1415 656 1470 certaminum
671 1429 791 1492 apparet,

59 1487 136 1567 qubd
148 1511 184 1548 ex
197 1510 231 1547 eo
245 1491 316 1548 bello
330 1492 526 1566 triumphatum
539 1512 595 1549 non
610 1493 655 1550 est.
691 1494 794 1571 Neque

59 1590 124 1628 eum
138 1570 258 1629 universa
272 1584 362 1641 gente,
383 1569 429 1626 sed
443 1590 506 1628 cunr
522 1592 574 1628 una
591 1585 637 1628 aut
653 1575 733 1632 altera
752 1575 794 1630 ci-

58 1650 143 1708 vitate
160 1664 310 1728 pugnatum
330 1651 381 1706 esse
401 1665 483 1725 puto,
513 1672 573 1727 quae
593 1649 608 1708 t
628 1652 792 1710 Samnitibus

56 1727 168 1788 discessu
183 1730 280 1807 Pyrrhi
295 1731 320 1788 se
339 1729 435 1786 nudari
453 1729 623 1788 sentientibus
638 1732 724 1790 acrius
738 1731 790 1788 sol·
889 1747 892 1750 ’

56 1810 176 1881 licitatae‚
196 1811 280 1887 postte
300 1830 388 1886 nuper
408 1810 534 1868 adversita
554 1812 695 1871 Romanos
716 1831 791 1870 arma

56 1890 252 1966 resumpserint.
295 1891 400 1947 Ceteris
418 1891 446 1946 in
463 1892 581 1968 populis,
602 1895 642 1951 uti
659 1895 746 1970 major
760 1913 789 1954 a·

54 1968 177 2047 liquanto
197 1971 261 2028 belli
280 1971 376 2040 moles,
398 1970 434 2027 ita
448 1973 560 2028 vitioria
579 1973 704 2031 illustrior
724 1974 787 2036 suit.
869 2021 871 2025 y

56 2050 90 2109 C.
107 2050 246 2108 Fabricius
261 2050 362 2121 consul,
378 2051 518 2127 profesto..
528 2066 560 2113 ut
571 2055 725 2127 conjectura
739 2055 787 2125 est,

53 2129 82 2185 in
98 2129 241 2205 Etruscum
253 2130 359 2188 bellum
375 2131 487 2201 collega,
510 2127 585 2207 quud
600 2133 719 2209 Epirotis
733 2134 788 2190 ces·

54 2209 174 2268 sentibus
191 2231 259 2268 unus
274 2210 417 2271 consularis
431 2211 566 2266 exercitur
578 2210 695 2269 sufficere
711 2211 788 2267 vide·

54 2303 138 2360 retur,
156 2291 293 2360 Lucanos,
309 2291 438 2359 Bruttios,
455 2290 629 2359 Tarentinos,
646 2290 789 2348 Samnites·

55 2389 108 2446 que
123 2370 239 2428 cecidit:
261 2370 383 2427 civitates
397 2369 510 2448 aliquot,
531 2370 560 2426 in
574 2370 670 2446 quibus
685 2375 711 2427 δι
725 2371 789 2429 He·

29 2469 34 2473 ·
56 2451 183 2520 racieam,
204 2450 342 2509 adstrinxit
355 2449 519 2507 foederibus:
541 2449 628 2527 deque
643 2450 685 2507 hir
698 2471 789 2529 popu·

53 2530 86 2586 lis
106 2530 233 2588 omnibus
252 2547 313 2589 ante
333 2529 406 2588 diem
421 2530 488 2590 Idus
504 2530 672 2588 Decembres
691 2533 787 2591 trium·
863 2547 865 2550 '

72 2610 155 2669 havit.
198 2622 200 2626 '

51 2630 72 2687 p
92 2691 164 2749 LII.
180 2690 307 2748 comitiis
322 2689 420 2748 deinde
434 2691 547 2768 peractis
561 2689 680 2748 consules
694 2691 722 2747 in
736 2709 785 2748 an·

51 2788 116 2829 num
134 2771 289 2850 sequentem
305 2769 432 2842 designati
450 2769 507 2826 sunt
523 2771 553 2829 P.
565 2770 707 2828 Cornelius
722 2771 784 2826 Ru-

49 2849 118 2910 finus
137 2852 248 2921 iterum,
270 2851 306 2911 C.
321 2851 419 2926 Junius
439 2849 537 2906 Brutus
556 2849 665 2906 iterum.
709 2849 784 2908 Cum

52 2929 152 2991 Rufino
169 2931 274 2991 nobiles
293 2932 375 2988 etiam
395 2929 439 2987 alii
459 2931 606 3007 petierant;
627 2928 735 2988 sedhic
753 2944 785 2989 ut

52 3009 136 3086 fieret,
158 3011 248 3074 effecit
267 3011 384 3087 Fabricii
403 3011 497 3150 ῖανοὲι
519 3010 566 3089 qui
587 3024 709 3090 tempora
729 3011 787 3090 rei:
