1956 3736
172 166 211 223 so
327 161 748 223 Eusnosrsotss

76 305 106 351 1.
120 320 160 367 ιι,
170 310 207 352 ex
218 291 295 350 omni
309 291 414 369 populo·
429 311 478 367 per
491 306 633 369 utrumque
645 292 735 370 ripam
747 289 795 350 vix
806 290 905 350 conci·

98 379 137 430 ¹9
168 372 201 431 ιιι
216 371 356 430 visceribus
370 373 482 429 evasere.

211 471 239 511 2
262 451 312 507 Per
330 469 363 508 es
380 464 502 527 tempora
516 451 670 509 Antiochus
684 431 782 522 Magni
797 449 903 509 Antio-

167 510 214 589 chi
232 530 313 600 filius,
333 529 382 607 qui
398 530 446 588 diu
461 532 560 589 Romae
578 530 653 589 obses
672 531 770 600 suerat,
790 545 904 596 mortuo

168 609 282 669 Seleuco
295 573 388 680 fratre,
404 610 488 686 Syriae
502 629 616 681 regnum
631 610 784 686 occupavit
810 610 904 674 Nuus-

167 710 223 768 que
245 689 383 761 Seleucus,
408 710 490 767 quem
511 690 683 767 Philopatoris
702 690 797 749 Graeci
817 704 903 749 vocu-

167 789 243 840 uere,
262 789 349 847 quum
366 770 483 846 paternis
499 770 620 828 cladibus
636 770 733 838 fractas
750 768 904 829 admodum

169 850 255 927 Syrie
268 867 335 926 opes
348 850 497 926 accepisset,
513 850 571 926 post
580 850 697 908 otiosum
709 849 840 926 nullisque
851 848 903 908 sd·

163 930 283 997 ,modum
298 931 377 988 rebus
395 931 473 1001 gestis
492 930 662 989 nobilitatum
682 948 814 986 annosum
829 929 904 988 duo·

167 1009 258 1070 decim
283 1029 413 1081 regnum,
438 1010 511 1067 hunc
530 1009 664 1067 minorem
687 1023 751 1067 natu
772 1009 901 1080 fratrem,

168 1089 246 1148 millo
260 1090 380 1147 Romam
394 1090 423 1146 in
437 1091 494 1163 ejus
508 1089 600 1146 locum
614 1089 672 1147 filio
684 1088 731 1146 suo
743 1088 902 1162 Demetrio,

166 1170 315 1238 revocavit,
336 1167 490 1227 exscuderis
503 1168 620 1240 legibus,
640 1187 696 1246 quo
708 1170 807 1227 mutari
821 1167 902 1235 iden-

167 1248 253 1306 tidem
267 1247 372 1305 obfides
386 1247 537 1324 oportebat.
570 1248 628 1307 Vix
642 1249 688 1307 ille
700 1248 822 1307 Athenas
837 1268 903 1326 per·

162 1342 286 1398 venerut,
311 1347 397 1404 quum
419 1327 545 1385 Seleucus
564 1327 666 1387 inlidiis
686 1328 845 1399 Heliodori,
866 1349 901 1391 u·

165 1407 227 1466 nius
241 1427 275 1465 ex
289 1407 452 1483 purpuratis,
467 1407 627 1484 oppressus
618 1408 729 1468 interiit.
756 1409 843 1466 Hunc
855 1428 901 1469 re·

165 1507 253 1560 gnum
273 1487 442 1545 offodiuntem
461 1487 598 1547 Eumenes
616 1493 642 1545 ιι
659 1488 769 1546 Anum
785 1489 902 1565 expule

167 1580 240 1638 runt,
265 1567 511 1644 induxeruntque
503 1587 532 1624 ιιι
553 1568 611 1642 ejus
632 1567 815 1644 poffeffionenn
837 1569 902 1637 An-

165 1647 301 1718 tiochum,
322 1666 405 1723 qnem
423 1646 472 1704 subi
491 1647 543 1704 hoc
562 1662 635 1705 tanto
652 1647 784 1704 beneficio
803 1647 902 1706 devin-

166 1728 243 1784 ἑιιιιιι
261 1727 359 1785 habere
376 1727 466 1797 magni
484 1727 656 1785 aestimabant.
689 1728 752 1802 Jsm
771 1727 847 1786 enirn
863 1728 902 1787 ob

167 1806 294 1883 quasdam
313 1806 517 1864 offenliunculas
535 1805 665 1882 suspedlos
685 1807 820 1875 habebunt
838 1807 899 1875 Ro·

166 1904 271 1943 manos.
292 1885 397 1942 Eorum
410 1885 517 1943 auxiliis
531 1903 616 1955 regno
629 1888 731 1964 potitus
744 1888 900 1956 Λιιιιοιιιιι

166 1977 243 2021 tsnto
255 1963 419 2040 populorum
434 1963 534 2035 gaudio
548 1983 676 2065 exceptus
689 1967 736 2038 ιιι,
750 1982 781 2025 ιιι
785 1968 900 2043 eicog

165 2061 269 2102 nomen
282 2042 429 2102 indiderint
442 2043 589 2121 Epiphani,
608 2044 695 2124 quod,
736 2067 803 2106 uum
819 2048 901 2113 alieni

165 2122 273 2202 {stirpe
286 2125 360 2194 regia
372 2143 487 2196 regnum
501 2125 697 2199 invaderent,
689 2147 698 2184 ι
727 2128 840 2186 eavitae
855 2128 900 2197 di-

166 2205 249 2263 tionis
262 2203 370 2262 offertor
383 2219 492 2264 exortus
504 2203 556 2267 luis
568 2172 701 2266 illuxillet.
719 2206 821 2283 Neque
833 2188 900 2269 veri

166 2286 193 2355 ei
211 2285 246 2343 ed
262 2304 305 2343 res
321 2283 430 2343 bellicas
447 2283 535 2343 defuit
553 2284 697 2344 indoles&
711 2286 900 2356 vigoranimi.

164 2364 262 2423 verium
275 2365 316 2432 its,
326 2383 423 2440 prauus
437 2368 463 2421 ιι
476 2365 640 2425 inconsultus
654 2366 707 2423 fuit
720 2365 749 2422 in
761 2381 821 2425 tots
837 2387 900 2429 mo·

166 2464 229 2512 tum
245 2448 270 2499 ιι
283 2444 450 2511 instituendo
464 2444 528 2511 vitae
542 2443 656 2515 ratione,
669 2461 706 2502 *ut
722 2444 809 2518 brevi,
831 2467 903 2520 cog?

164 2523 276 2581 nomine
290 2535 404 2593 mutato,
426 2541 474 2598 pro
486 2522 626 2600 Epiphane
638 2525 795 2602 Epimenes,
815 2527 847 2587 id
860 2528 899 2599 est

163 2602 280 2672 insonus,
300 2602 472 2662 vocitaretur.
533 2621 536 2625 ·

208 2702 235 2759 3.
258 2682 335 2759 saepe
349 2681 423 2739 enim
442 2683 556 2752 egressus
571 2681 587 2742 ὲ
604 2684 688 2757 regia,
709 2683 796 2754 insciis
812 2687 902 2749 mini·

164 2762 233 2835 stris,
254 2781 309 2820 uno
321 2775 366 2820 ιιιι
376 2761 460 2821 altero
473 2764 586 2836 comite,
606 2784 655 2842 per
668 2764 762 2839 urbem
777 2766 836 2826 ross
848 2789 901 2828 eo·

165 2859 275 2900 ronstus
292 2847 318 2899 ιι
334 2861 399 2900 suro
419 2857 520 2902 textam
540 2806 651 2911 indutus
667 2845 768 2904 vellem
786 2846 903 2909 incede·

167 2921 222 2990 bat,
243 2921 379 2980 interdum
396 2921 541 2999 lapidibus,
561 2943 631 3000 quos
649 2923 696 2980 sub
714 2925 755 2982 ula
776 2927 900 3000 gerebat,

165 2999 294 3061 ιιιιιιιιιι
313 3001 433 3072 obvious
453 3003 591 3065 interdum
607 3001 700 3066 ιοιιιιι
720 3025 850 3091 nummos
867 3009 900 3071 in
