1956 3736
205 109 392 212 Surenam.
416 149 534 212 MK.
554 146 712 207 Lintea.
768 165 828 224 ²93

91 293 118 343 ia
140 284 208 341 inter
227 282 286 341 haec
303 284 376 355 signa
395 285 520 343 militaria
540 285 636 356 suere,
659 279 823 360 plurimique
830 277 863 326 U·
875 282 907 329 C·

89 378 200 441 torques
214 364 287 421 aurci
299 364 474 442 armillaeque,
487 365 609 423 virorum
622 362 737 421 sortium
751 356 902 456 εΡιιάλμιζ·

92 445 190 502 Gallos
217 459 385 504 ornamenta.
426 443 480 502 Sed
506 444 624 504 maxime
650 443 822 502 adverterunt
842 441 902 532 ῥὶς.

74 524 185 582 *oculos
205 525 348 583 hominum
369 523 545 595 Britomartis,
570 525 667 602 aliique
686 524 821 601 principes

90 605 249 677 Gallorum,
268 626 337 683 quos
352 604 388 663 L.
405 603 537 662 AEmilius
551 625 599 682 per
612 604 759 664 ludibrium
774 622 821 662 ac-

88 687 191 742 ciniios
213 687 242 742 in
260 685 428 764 Capitolium
449 684 540 757 duxit,
557 699 684 762 tanquam
703 686 761 742 voti
780 683 825 743 sui

88 767 248 835 religionem
263 766 422 837 servaturos,
443 761 519 842 quid
538 784 587 822 non
602 763 679 838 priris
689 764 821 839 soluturos

80 845 112 919 se
131 846 228 914 baltea,
248 843 325 919 quim
344 844 498 920 Capitolium
517 844 691 920 ascendiffent,
709 846 819 918 jurave-

88 937 154 980 rant.
192 925 280 982 A.D.
303 924 362 983 ΙΙΙ.
381 923 483 981 ¹Nonas
503 924 616 982 Martias
637 925 672 983 L.
688 924 824 982 AEmiliuc

87 1002 179 1058 consul
193 1002 227 1060 de
241 1002 331 1060 Gallis
345 1004 530 1081 triumphavit.
566 1003 674 1061 Eodem
688 1022 758 1060 auno
776 1005 818 1063 lu·

86 1083 169 1139 strum
190 1082 303 1140 alterum
324 1099 404 1161 atque
423 1083 657 1162 quadragesunum
674 1083 819 1142 conditum

81 1161 139 1218 elle
151 1164 265 1239 reperio,
281 1161 295 1221 i
310 1164 461 1223 censoribus
476 1165 510 1224 C.
524 1163 641 1222 Claudio
656 1163 712 1240 Ap.
730 1165 762 1221 F.
778 1164 818 1223 C.

87 1241 128 1301 N.
144 1242 299 1315 Centhone,
318 1245 362 1303 M.
378 1245 461 1320 Junio
478 1245 517 1303 D.
534 1246 568 1305 F.
586 1243 625 1305 D.
643 1241 684 1303 N.
700 1244 777 1302 Pera.

125 1323 241 1382 XLVL
265 1324 409 1400 Depofitus
428 1326 486 1400 jam
507 1325 571 1383 belli
594 1324 697 1382 Gallici
715 1339 817 1396 metus,

84 1403 208 1461 nondum
229 1405 354 1461 vindieiae
374 1404 506 1482 cupiditas
526 1421 607 1463 erat:
633 1405 816 1482 ambobusque

82 1484 201 1558 proximi
220 1485 282 1540 anni
300 1483 450 1541 consulibus
465 1505 496 1547 ea
514 1485 656 1561 provincia
667 1485 740 1543 data.
771 1486 813 1544 T.

84 1564 206 1618 Manlius
225 1564 264 1620 T.
282 1565 315 1622 F.
338 1563 378 1622 T.
395 1563 436 1621 N.
454 1564 622 1641 Torquatus,
646 1564 813 1644 QFulvius

83 1642 129 1701 M.
149 1642 181 1698 F.
204 1642 250 1718 Q
267 1642 308 1700 N.
329 1642 441 1700 Flaccus
460 1659 548 1715 erant,
564 1658 679 1720 uterquc
701 1645 808 1703 iterum.
822 1620 894 1740 [ξιξ

81 1721 136 1778 His
159 1723 301 1792 exercitus,
322 1726 348 1778 ὅτ
369 1742 430 1800 quae
450 1723 484 1780 ad
505 1723 606 1780 bellum
628 1724 847 1794 inlinendum„
860 1756 888 1799 ς,

78 1800 283 1878 gerendumquc
301 1803 468 1879 pertinebant
482 1802 601 1861 alacriter
617 1804 732 1862 decreta.
754 1804 810 1882 spes
830 1825 891 1878 ιη,

79 1881 153 1939 enim
167 1897 236 1951 erat,
247 1883 305 1958 post
320 1896 421 1940 tantam
434 1885 585 1955 viderim,
601 1900 659 1942 toto
674 1885 744 1942 circa
759 1887 809 1943 Pa-

78 1960 146 2018 dum
161 1981 225 2032 agro
237 1961 335 2038 depelli
349 1964 445 2020 Gallos
460 1965 545 2041 polle,
563 1965 671 2022 sinervi
684 1966 810 2025 intende-

76 2056 178 2099 rentur.
209 2041 337 2097 Consules
350 2062 415 2098 cum
428 2044 512 2117 copiis
527 2044 641 2118 profesli
655 2044 744 2119 primo
758 2047 810 2103 sta-

78 2122 129 2179 tim
152 2138 254 2178 terrore
276 2120 357 2177 Boios
382 2119 417 2176 ad
436 2121 605 2178 deditionem
627 2124 812 2198 compulere:

77 2200 183 2272 Segnior
196 2198 294 2257 deinde
309 2199 445 2277 expeditio
460 2198 527 2271 suit„
545 2201 580 2256 ob
595 2200 769 2277 pestilentiam
785 2208 811 2260 δι

77 2280 221 2338 continuos
235 2280 346 2338 imbres.
368 2279 426 2336 Alii
441 2277 548 2335 tradunt
562 2280 612 2336 hos
626 2280 746 2338 consules
758 2282 810 2338 Pa·
868 2315 870 2320 ,

76 2359 116 2418 do
130 2361 235 2418 transito
250 2359 353 2417 collatis
365 2357 445 2430 fignis
458 2358 547 2416 vicill'e
563 2359 696 2430 Insubres,
717 2361 814 2418 homi·

77 2456 145 2499 num
157 2439 281 2498 occidisse
296 2441 384 2497 tria&
396 2439 492 2511 viginti
506 2439 599 2510 millia,
620 2439 716 2516 cepisse
728 2441 809 2518 quin·

76 2537 138 2598 que.
166 2519 213 2578 scd
231 2521 309 2578 nobis
328 2520 434 2597 Polybii
452 2519 542 2597 potior
561 2519 597 2577 eli
616 2520 646 2577 in
665 2520 707 2577 his
727 2522 813 2579 rebus

75 2601 229 2660 austeritas.
266 2602 372 2658 interea
393 2600 455 2678 quia
476 2598 596 2658 consules
618 2598 633 2657 ἒ
653 2599 813 2679 longinquis

75 2682 241 2752 regionibus,
261 2681 315 2738 slve
334 2680 414 2738 rebus
433 2679 559 2751 gerundis
576 2679 630 2738 five
644 2681 813 2758 tempestati·
889 2684 893 2693 ’

73 2761 125 2819 bus
143 2760 279 2838 impediti,
300 2759 334 2818 ad
352 2759 463 2819 comitia
479 2779 622 2817 occurrere
636 2780 694 2817 non
709 2774 810 2837 potue·

73 2858 144 2912 rant,
165 2844 223 2918 ejus
237 2840 276 2899 rei
294 2840 378 2914 gratiis
392 2839 506 2898 dislator
520 2856 622 2898 creatus
640 2840 680 2898 est
691 2840 808 2899 Lea-

72 2920 150 2979 eilius
165 2922 201 2980 L.
219 2921 251 2980 F.
268 2920 304 2981 C.
321 2919 364 2980 N.
379 2919 525 2978 Metellus:
547 2918 619 2999 isque
632 2920 678 2980 M.
689 2919 809 2981 Fabium

74 2999 121 3062 M.
144 3000 178 3062 F.
201 3001 249 3062 M.
270 3000 313 3064 N.
335 3000 664 3140 ButeonemBnpagistrum
681 3002 811 3082 equitum

550 3100 577 3158 ἃ,
