1956 3736
169 125 230 202 264
324 126 747 203 J.Fusrusrrssrrr

74 273 108 320 υ,
121 275 148 322 ς,
164 253 283 328 trahique
303 253 384 329 majus
404 250 528 325 consulis,
554 248 632 326 quim
649 252 779 327 praetsris
792 252 836 328 jus
846 251 884 324 ft-

85 352 143 394 511·
165 347 254 391 turum
275 332 448 409 QValerius
468 331 655 408 respondisset,
674 352 735 389 non
754 333 887 409 exspeslsto

77 406 145 450 Μ·
165 413 255 472 Catuli
274 412 410 481 sermone,
439 409 517 469 litem
541 411 690 470 secundnm
711 413 794 470 illum
813 412 888 475 dedis

80 482 143 562 Ψ·
164 491 240 570 qutid
258 491 438 549 controversia
458 492 493 550 de
515 493 631 568 imperio
651 497 676 549 δε
697 493 817 568 auspicio
836 494 890 550 inter

164 594 211 631 eos
232 571 308 630 fuisse
329 573 478 632 videretur.
524 573 579 629 Sed
602 573 801 650 Ql'alerius,
822 592 891 650 quru-

165 672 248 728 quarn
266 650 359 711 arbitri
377 652 504 711 sententiis
518 652 616 722 vietus,
638 673 727 728 quum
743 671 809 710 nota
823 660 848 711 se
859 673 891 710 cc·

166 732 248 791 lebris
268 752 302 791 eo
322 733 394 792 bello
413 734 497 791 virtus
519 735 576 808 ejus
594 732 694 803 suisset,
717 734 892 792 nihilosecius

167 814 355 889 triumphandi
365 816 409 890 jus
424 812 550 872 obtinuit.
587 813 721 873 Censores
737 834 772 871 co
788 835 857 873 anno
869 814 892 870 s.

169 895 298 953 Aurelius
318 896 410 965 Cotta,
431 896 477 956 M.
493 893 591 951 Fabius
611 894 701 951 Buteo
723 895 838 953 lustrum
856 914 893 953 un·

170 974 439 1051 dequadragesunum
464 973 561 1033 secere.
606 973 692 1032 Censa
718 974 781 1033 sunt
809 977 895 1035 civium

172 1056 256 1114 millia
272 1057 385 1115 ducenta
404 1055 546 1126 sexaginta.
568 1053 672 1112 duabus
692 1055 809 1130 adjectis
827 1056 896 1115 tribu·

169 1134 229 1205 bus,
247 1136 345 1194 Velini
359 1142 383 1194 δι
399 1135 523 1213 Qtirini,
544 1153 672 1192 numerus
683 1135 811 1213 quinque
824 1141 850 1195 ἀ
860 1136 896 1196 ni·

168 1216 242 1286 ginta
258 1217 387 1287 tribuum,
402 1236 486 1293 quern
500 1213 599 1274 deinde
612 1215 896 1296 retinuerunt,·e1ple·

169 1311 212 1353 tus
225 1298 271 1355 est.

209 1376 323 1435 LXVI.
346 1377 441 1453 qum
464 1376 523 1450 jam
545 1373 699 1452 perdomiti
723 1377 834 1451 sictut,
857 1373 898 1455 qui

169 1454 316 1515 Poenorum
329 1454 426 1528 suerat,
442 1461 467 1517 δι
482 1475 547 1533 pace
560 1476 626 1515 cunr
640 1457 897 1529 Carthaginiensibus

168 1536 247 1609 susti,
268 1557 325 1597 non
342 1538 432 1616 quieta
453 1533 539 1595 modo
558 1536 662 1607 omnia,
682 1536 731 1595 sed
753 1541 837 1599 etiam
854 1553 899 1598 tuta

169 1617 343 1686 viderentur;
369 1618 541 1695 repentinum
561 1616 634 1675 unde
654 1617 774 1678 minimi
796 1619 899 1679 timebu-

169 1712 215 1757 tur
233 1699 335 1759 bellum
355 1699 446 1776 paucis
466 1697 560 1755 diebus
573 1702 599 1757 &
612 1712 717 1758 terrore
732 1701 826 1759 motis
839 1701 898 1759 inte·

168 1779 228 1839 stin
249 1779 399 1848 sollicitam,
420 1777 638 1837 &adunatione
660 1779 801 1839 celerrimi
822 1780 900 1841 existi

167 1859 318 1932 stupentem
333 1858 441 1915 Italiam
454 1857 560 1919 habuit.
594 1858 689 1919 Falisci
704 1861 797 1920 nescio
811 1859 899 1940 quibus

167 1936 251 1994 cauus
270 1936 305 1993 ad
321 1936 448 1993 irrsartiam
467 1937 580 2010 conciti,
601 1958 677 1998 arma
694 1939 824 2002 Romana
843 1958 898 2020 pro·

168 2035 267 2076 vocare
287 2016 473 2077 sustinuerunt.
509 2016 564 2077 Sed
583 2019 650 2081 milli
671 2038 740 2080 cum
757 2022 898 2094 legionibus

167 2098 301 2170 consules,
323 2098 428 2157 sextum
447 2098 518 2157 intra
532 2097 608 2159 diem
628 2099 774 2161 confecere
794 2103 897 2171 bellum,

168 2192 249 2252 gente
276 2180 305 2239 in
332 2179 491 2258 potestatem
517 2179 613 2256 populi
639 2180 764 2242 Romani
790 2181 897 2242 redasli.

170 2262 262 2320 Priore
278 2274 369 2319 tamen
387 2259 492 2338 praelio,
512 2280 576 2323 nam
591 2260 647 2317 duo
667 2261 738 2320 safra
756 2263 897 2332 traduntur,

169 2342 325 2413 ambiguam
337 2341 478 2399 vitreriam
492 2340 592 2412 secere,
611 2339 736 2417 peditatu
749 2344 897 2423 superiores,
926 2373 928 2382 ·

167 2441 254 2499 quum
275 2421 387 2498 equestri
408 2420 502 2498 praelio
524 2421 705 2481 vincerentur.
741 2424 797 2484 Sed
817 2424 897 2504 polle·

168 2502 225 2557 rius
242 2515 379 2559 certamen
397 2499 511 2559 minime
530 2500 615 2560 dubio
631 2503 725 2560 Marte
745 2516 897 2583 pugnatum,

170 2578 285 2639 Faliscos
305 2580 340 2639 ad
360 2601 455 2658 pacem
476 2580 620 2658 petendam
640 2587 794 2661 compulit,
822 2602 897 2665 quum

169 2662 222 2721 suae
233 2661 382 2738 juventutis
396 2661 431 2719 ad
442 2662 527 2721 millia
539 2661 699 2740 quindecim
713 2666 864 2727 amisissent.

211 2743 344 2802 LXVII.
366 2741 448 2801 Faus
466 2742 615 2814 deditione,
636 2745 733 2818 armis,
755 2749 843 2826 equis,
861 2743 896 2804 su·

168 2824 313 2898 pellettsse,
330 2823 452 2893 servitiis,
466 2827 491 2881 δι
505 2823 562 2894 agri
575 2823 677 2883 semisse
692 2828 817 2888 multtati
830 2829 895 2886 sunt:

169 2904 243 2975 urbs,
265 2906 341 2981 cujus
357 2904 553 2968 munitionibus
574 2903 667 2963 confisi
686 2905 794 2969 bellurn
815 2926 895 2986 coepe·

113 2985 122 3005 ⁴
168 2997 238 3056 rant,
247 3004 283 3047 ex,
293 2983 377 3069 arduo
390 2989 416 3044 δε
428 2998 566 3066 praerupto
578 2985 641 3065 loco
653 2985 683 3047 in
696 2987 812 3066 planum
826 2984 895 3053 trans·
