1956 3736
164 155 353 212 Surruarr.
376 151 495 212 L.XII.
520 152 678 212 Lrvrnu.
750 141 819 231 '37'

57 287 103 345 else
116 299 252 356 cerneret,
273 299 303 342 ut
317 286 359 342 his
376 285 571 355 obtinentibus,
590 305 679 362 neque
694 285 830 343 servariU.
840 294 878 344 cs·

56 364 224 448 iquoquam
244 365 404 441 possent&
422 366 491 442 ipsos
510 385 620 443 quoque
637 366 788 425 defensores
807 372 866 419 47¹·

56 446 112 514 suos
126 444 321 524 pessumdaturi
334 444 426 514 essent,
447 445 634 503 dissimulavit
627 466 656 503 tn
675 424 855 523 praesen·M
808 453 868 539 ὼ·
872 464 875 468 ·

57 528 99 587 tia
135 525 191 584 Sed
210 524 259 582 ubi
280 525 407 600 paulatim
426 526 647 583 convenientibus
666 546 727 603 quae
740 527 788 584 di-

57 605 146 683 spersae
164 600 273 661 fuerant
294 603 417 673 navibus,
438 605 529 681 copias
549 604 658 662 idoneas
677 605 789 672 habuit3
883 613 886 618 “

58 684 195 762 gymnasra
208 689 234 742 δι
251 684 381 760 porticus,
402 685 431 740 in
449 684 547 761 quibus
565 684 672 741 otiosa
661 700 792 758 juventus

59 765 114 824 dies
136 778 211 823 totos
231 761 431 821 obambulando
449 762 631 838 nugandoque
649 765 792 823 consume·

59 843 112 917 bat,
133 842 265 904 occtufit:
289 842 382 920 epulas
402 842 667 919 compotationesque
686 846 790 902 vetuit:

59 924 175 982 solennia
196 923 327 980 ludorum
348 942 382 980 ex
402 921 666 998 intemperantiffimo
688 922 736 979 usu
757 923 793 981 ad

58 1006 151 1080 justam
166 1003 384 1060 mediocritatem
398 1001 515 1060 reduxit.

95 1084 215 1144 XXIV.
239 1083 300 1140 Post
317 1083 375 1140 haec
394 1081 529 1140 delesium
546 1081 685 1157 juniorum
704 1080 794 1140 severe

61 1165 131 1236 egit:
158 1162 282 1233 monitis,
304 1177 334 1219 ut
355 1156 464 1234 solebat,
485 1161 708 1237 conquisitoribus
729 1161 793 1234 suis,

57 1244 169 1317 grandes
181 1243 316 1316 eligerent,
330 1241 363 1315 se
376 1261 414 1298 eos
420 1244 510 1316 sortes
523 1241 694 1302 redditurum.
730 1241 795 1300 Hos

61 1323 206 1400 manipulis
223 1321 331 1379 suorum
349 1322 508 1398 permixtos,
529 1341 564 1378 ne
585 1321 691 1380 seorsim
710 1322 795 1380 habiti

60 1403 204 1460 seditiones
222 1401 362 1471 agitarent,
384 1401 479 1457 eadem
498 1401 596 1457 duritiei
614 1406 640 1457 δι
659 1402 796 1461 severitate

61 1481 209 1580 disciplinae
222 1481 359 1547 exercuit3
380 1480 475 1555 capitis
489 1498 569 1571 poena
555 1478 797 1556 infrequentibus

60 1560 205 1657 proposita
248 1561 305 1636 Qti
322 1558 388 1618 verti
408 1561 435 1616 in
454 1560 535 1615 armis
557 1577 613 1614 non
634 1559 727 1630 effcnt,
748 1580 796 1619 eos

61 1644 196 1718 majorem
206 1636 261 1698 diei
275 1653 376 1716 partem
392 1641 420 1697 in
435 1639 496 1696 foro
506 1657 585 1730 agere
597 1639 697 1708 cosgit
720 1640 795 1715 Qta-

60 1741 233 1782 cumrerum
252 1718 398 1790 insolentia,
420 1718 574 1776 homines
567 1732 637 1775 mter
656 1717 796 1794 pudendas

61 1801 172 1862 delicias
185 1802 240 1859 nati
254 1765 414 1878 educatique
426 1797 540 1858 mirifice
551 1799 726 1871 angebantur,
734 1799 796 1875 ser-

23 1948 30 1959 ,
63 1886 175 1940 uitatem
192 1881 363 1958 appellando,
384 1880 404 1936 sr
417 1881 505 1956 perire
518 1879 638 1937 socordis
652 1884 677 1936 δε
691 1877 797 1939 luxuria

61 1962 212 2038 cupientes,
227 1960 291 2018 salvi
305 1960 356 2019 esse
370 1973 538 2032 cogerentur.
572 1960 732 2017 Onerabat
725 1962 795 2019 mvi·

63 2041 138 2100 diam
151 2041 292 2098 satellitum
308 2040 489 2118 quorumdam
506 2041 643 2110 regiorum
663 2042 795 2116 intempe-

62 2124 127 2192 ries,
148 2121 196 2197 qui
209 2122 256 2179 suo
268 2120 395 2178 arbitratu
409 2120 522 2196 hospitia
535 2120 693 2190 deligentes,
715 2119 797 2176 etiam

63 2201 156 2259 invitis
170 2205 196 2257 δι
210 2200 400 2258 reluttantibus
414 2201 532 2259 dominis
550 2199 727 2275 occupabant,
748 2219 797 2274 pa-

63 2282 141 2359 rique
160 2279 261 2339 deinde
279 2279 412 2338 licentia'
405 2296 474 2337 mter
494 2299 593 2336 uxores
614 2297 710 2336 eorum
729 2276 796 2335 libe-

64 2360 160 2438 rosque
182 2360 362 2419 versabantur
404 2361 478 2431 Ergo
499 2358 604 2416 fastidio
628 2357 798 2433 praesentiurn

64 2439 146 2500 multi
164 2439 255 2498 retina
272 2440 365 2498 urbe'
358 2459 387 2496 nt
407 2459 485 2510 agros
505 2438 688 2509 emigrabant:
710 2436 799 2498 donec

64 2521 95 2658 {d
108 2539 220 2598 quoque
233 2518 324 2579 clausis
338 2520 424 2596 portis
438 2518 550 2597 appositi
563 2517 685 2576 custodes
702 2517 797 2595 probi-

85 2614 193 2660 uerunt.

106 2679 208 2738 XXV.
230 2677 308 2736 Tum
322 2677 389 2738 verb
402 2678 544 2736 Tarentini
555 2678 581 2736 se
596 2698 646 2754 pro
659 2677 732 2735 socio
744 2675 798 2734 do-

67 2760 175 2818 minum
195 2759 322 2834 accepisse
340 2757 397 2816 serd
411 2757 599 2828 intelligentes,
620 2757 695 2833 quod
712 2776 799 2814 unum

67 2854 203 2917 poterant,
229 2857 278 2915 per
297 2838 511 2910 indignationem
529 2843 555 2894 ἃ
574 2837 680 2912 questus
700 2836 798 2896 sortem

67 2919 140 2979 suam
162 2918 364 2991 miserabantur,
387 2918 523 2994 aliquanto
543 2915 662 2987 liberius,
683 2916 730 2974 ubi
751 2937 799 2995 per

68 3000 189 3081 uliquam
209 2996 336 3063 idoneam
357 2999 461 3063 causam
482 2997 681 3072 convenientes,
702 3014 800 3079 prater

473 3077 504 3138 D
