1956 3736
148 154 797 237 Surosso.L.xV111.L1v1'oo,217

59 290 169 372 picotib
186 287 285 365 uestri,
305 303 360 347 tum
379 293 419 347 rei
438 290 564 348 Romana
582 289 841 367 domuostfflmom.ts,
852 315 881 360 cg

84 394 90 421 ·-
108 375 191 432 LIX.
214 373 271 428 Scio
289 373 360 429 nobis
380 375 458 429 ctiam
475 375 504 428 io
519 373 630 446 gerendo
650 373 714 429 bello
731 371 799 445 diffi-
820 392 877 433 502.

64 455 130 514 cilio
144 453 227 511 mulo
240 452 366 513 accidere.
388 457 546 528 nequeenim
559 472 600 510 res
613 472 717 528 magna
731 457 801 510 citro
811 444 839 488 A.
849 443 878 490 0·

65 555 189 610 magnum
204 533 315 590 laborem
329 534 478 609 magnosque
489 533 608 609 sumptus
626 534 730 610 confieri
743 532 801 609 pos-
817 520 878 566 ²5⁰·

60 616 138 694 suut.
160 615 212 691 sel
220 613 248 690 fi
262 613 517 690 Carthaginienssum
528 617 669 690 fortunam
688 615 802 672 contule·

67 699 144 767 ritis,
153 698 237 753 omnio
251 713 311 770 quae
324 708 475 754 momentum
489 695 525 751 od
536 699 672 754 olitorium
679 698 802 770 faciunt,

63 777 146 855 penes
166 795 211 832 nos
229 775 335 833 meliora
346 776 424 851 funt.
460 773 565 850 Magni
578 774 670 853 pugnb
681 776 805 852 superati

60 857 156 934 sumus
168 855 262 931 semel,
277 855 344 932 stuc
365 858 439 933 culpa
460 857 510 931 ista
531 875 598 927 meo,
617 857 677 934 stoc
688 858 805 931 fortuna

60 939 138 1016 fuit.
159 937 212 1012 sel
231 941 361 994 exercitus
381 955 467 995 eorum
488 940 564 994 toties
584 937 740 995 cecidimus:
768 930 805 993 ὕ

69 1023 171 1078 auimos
188 1015 247 1076 mel
264 1016 334 1074 clade
347 1017 452 1093 rursum
467 1024 561 1076 crettos
574 1021 687 1074 oiltorio
701 1018 806 1073 Panor-

70 1103 176 1160 mitono
192 1099 267 1175 infra
282 1102 397 1173 priorem
414 1099 612 1176 deſjterationem
629 1097 720 1176 dop'ecit
737 1098 807 1174 affli-

71 1184 176 1256 scitque.
211 1179 328 1237 Siciliam
345 1177 455 1256 excepti
473 1178 528 1237 unci
546 1176 682 1255 alterique
699 1178 763 1236 urbe
776 1177 811 1232 a·

74 1261 210 1335 miserunt.
241 1263 271 1317 in
298 1264 390 1319 ceteris
413 1261 504 1336 insulis
529 1281 572 1318 res
594 1260 706 1338 ipsorum
729 1258 809 1317 molae

65 1342 146 1420 suut.
182 1341 289 1417 maffia
307 1341 418 1414 bebetis,
440 1345 482 1399 cui
496 1344 598 1400 Punica
617 1360 667 1399 uon
685 1353 753 1418 optet
767 1359 818 1397 oc-.

72 1440 208 1484 currere.-
235 1421 285 1480 bar
304 1441 401 1500 quoquc
416 1435 497 1498 porte
517 1424 578 1481 belli
592 1421 716 1499 perpetui
727 1421 808 1497 supe·
830 1431 833 1437 ”

74 1507 169 1564 riores.
203 1523 283 1581 neque
305 1516 409 1579 accepto
428 1503 616 1578 tempestatibus
634 1503 728 1560 damno
747 1515 808 1558 ton·

74 1598 133 1644 tom
152 1585 224 1642 uobis
244 1587 344 1642 uirium
363 1584 548 1654 detraxerunt,
568 1596 692 1659 quantum
712 1581 833 1658 robore,

75 1664 145 1725 runt
157 1666 297 1723 cautionis.
333 1664 459 1721 Pecuniae
470 1663 591 1738 fortaffls
606 1676 659 1737 por
677 1662 812 1736 utrobique

76 1751 176 1824 inopia.
191 1744 242 1822 sel
253 1745 450 1820 obsequentiores
463 1757 549 1801 tamon
561 1745 632 1800 uobis
647 1741 722 1812 Itali,
735 1739 813 1818 quim

78 1830 149 1904 Afri
161 1829 270 1886 Panis:
291 1845 350 1902 quos
366 1844 443 1902 quum
460 1825 583 1902 omaffent
601 1841 741 1900 uunquam,
762 1840 813 1880 uu-

72 1922 126 1987 per
144 1912 222 1965 ctiam
241 1906 374 1983 impenstois
391 1906 465 1982 odiffe
480 1906 633 1964 didicerunt.
669 1905 727 1980 Qui
745 1908 813 1961 enim

78 1986 216 2050 nollbdum
230 2000 284 2043 tam
301 1992 384 2046 atroci
402 1986 504 2064 iujurib
516 1985 573 2062 locst
587 1989 707 2043 certatim
720 1986 757 2041 ool
774 2001 816 2042 me

78 2068 243 2144 defecerunt,
264 2085 302 2122 eos
318 2067 372 2142 post
384 2068 512 2140 vastatam
529 2065 548 2121 b
562 2066 694 2141 prioribus
707 2063 813 2122 dominis

80 2152 222 2224 regionem,
243 2147 334 2204 abana
348 2158 477 2217 armento,
497 2157 614 2204 extortas
624 2148 756 2220 pecunias,
770 2148 813 2202 iu-

81 2231 206 2306 terfetios
226 2231 373 2304 principes,
385 2267 388 2273 ·
398 2225 461 2302 quid
477 2226 552 2283 aliud
565 2225 712 2300 exspectare
733 2225 815 2282 credi·

83 2316 131 2383 tis,
146 2310 223 2388 quim
238 2324 268 2368 ut
281 2327 361 2367 oootos
374 2311 506 2367 exercitus
518 2305 580 2365 binc
593 2310 622 2363 io
636 2307 759 2382 Africam
772 2324 817 2363 oe·

84 2396 167 2452 niet?

101 2506 106 2514 ·
128 2473 193 2532 LX.
215 2469 296 2547 Quid
311 2466 373 2528 ueri
392 2470 500 2528 dulcetus
521 2469 592 2527 uobis
603 2468 700 2544 fossilis
719 2464 756 2527 Εἴ
776 2487 817 2525 cr·
899 2493 902 2500 ·

83 2552 169 2631 piosus
182 2554 227 2629 cst,
248 2554 320 2610 miles
333 2553 420 2622 bonus,
442 2571 551 2622 concors,
571 2548 673 2624 lingub,
694 2549 815 2620 moribus,
848 2617 853 2630 ‚

78 2635 184 2711 sacris,
212 2637 335 2703 ciuitate,
360 2636 507 2707 cognatione
522 2635 641 2710 junctus,
669 2630 700 2686 il
714 2643 817 2688 tautum

88 2714 138 2791 effe
148 2734 218 2787 reor,
240 2726 270 2772 ut
283 2712 333 2771 bac
346 2711 401 2771 ont
415 2734 445 2771 re
461 2716 599 2786 ancipitem
610 2712 707 2784 facere
717 2708 819 2783 poffetis
837 2740 842 2750 ,

90 2794 347 2871 Carthaginiensibus
360 2798 439 2850 totius
452 2793 513 2850 belli
526 2794 674 2859 vitiorium,
687 2788 714 2862 ſs
728 2790 820 2846 ceteris

91 2878 205 2934 omnibus
224 2878 404 2934 uinceremini.
437 2872 515 2946 Quo
527 2874 595 2929 enim
614 2865 737 2925 adversis
754 2868 838 2946 ejus-⁴

92 2954 161 3016 modi
173 2959 255 3030 copias
267 2952 431 3030 mamentistt
443 2957 471 3010 io
485 2953 645 3008 mercenario
659 2954 762 3008 mauu?
782 2951 819 3008 Et

93 3051 194 3109 tameo,
209 3036 322 3116 fi-qool
339 3048 409 3108 erat,
422 3030 477 3111 sub
495 3031 649 3171 ‘fuldam
657 3032 720 3114 jam
735 3030 818 3091 obolo-
