1956 3736
208 127 263 188 r68
299 182 309 208 ι,
358 128 384 203 J.
420 129 778 186 Feninsnunii

108 266 179 318 uc.
244 261 281 320 X.
303 258 433 318 Ceterum
452 258 510 335 post
529 257 622 328 sugam
638 257 745 316 ducise
764 258 859 335 praelio
876 258 932 315 reli-

118 347 176 392 492·
203 362 264 420 quae
284 339 544 409 Carthaginiensium
564 358 646 396 naves
676 339 827 414 (supererat
848 355 935 396 autem

111 399 180 508 ⁶2³2·
202 442 261 499 pars
276 420 362 478 multo
375 419 504 490 maxima)
525 419 657 494 impedito
672 419 796 490 consilio,
816 420 884 497 quid
897 420 933 476 sa-

200 500 332 559 ciundum
356 499 420 557 esset
444 501 625 570 ambigebant.
660 498 780 576 pudebat
807 500 934 558 excedere

200 581 299 659 pugni,
319 579 463 638 nullodum
476 596 588 657 accepto
601 579 793 651 incommodo,
815 599 850 639 ne
866 580 934 638 hoste

199 662 312 738 quidem
327 675 450 732 urgente.
471 662 574 719 rursum
591 661 729 718 Romame
742 679 827 718 naves
842 681 933 732 aggre-

199 743 230 800 di
242 762 390 801 corvomm
405 757 480 800 metu
493 740 694 799 cunslebantur.
717 741 753 798 ad
771 741 933 818 postremum

199 822 321 902 undique
335 823 520 893 circumirem,
529 827 554 878 δι
564 822 682 879 nauticus
695 836 765 880 artes
780 842 878 881 omnes
889 830 938 881 ex·'

199 905 280 983 perti,
301 905 349 962 ubi
369 904 447 963 omni
466 922 500 961 ex
521 917 595 979 perte
616 903 720 979 opponi
740 902 791 960 sibi
811 903 933 963 rostra&

199 986 283 1061 objici
299 985 483 1044 formidabiles
498 983 555 1040 illas
569 982 705 1041 machinas
717 983 825 1055 vident,
846 984 933 1062 despe-

199 1068 254 1125 rati
265 1066 375 1124 vislorii
388 1065 532 1124 discessere.
552 1064 650 1122 Mersae
664 1063 807 1130 tradunnir
821 1085 856 1123 eo
868 1085 933 1142 prae·

198 1148 237 1207 lio
259 1167 340 1204 naves
362 1147 470 1204 Punicae
490 1144 707 1222 quatuordecim,
728 1161 817 1222 captae
839 1150 933 1204 una&

103 1273 108 1284 ,
199 1228 317 1299 triginta,
338 1247 402 1284 cum
424 1227 524 1301 septem
544 1226 689 1283 hominum
710 1226 845 1298 millibus,
866 1226 932 1305 post·

199 1328 282 1386 quem
300 1306 447 1384 pugnando
467 1306 517 1364 tria
530 1305 615 1364 millia
632 1304 777 1382 periissent.
821 1308 889 1367 Hoc
905 1327 932 1366 e·

197 1403 282 1446 ventu
302 1388 338 1446 C.
354 1387 451 1447 Duilio
467 1386 575 1445 conside
596 1385 724 1444 adversis
739 1387 841 1448 Poenos
859 1389 933 1465 juxte

199 1470 387 1547 Liperaeorum
401 1467 495 1526 insulas
510 1481 642 1526 certatum
655 1466 709 1526 est:
731 1468 806 1527 unde
822 1469 933 1542 magnus

197 1551 331 1610 Romanis
352 1549 433 1609 etiam
455 1547 554 1626 praedae
573 1548 687 1621 frusino,
707 1547 754 1608 sed
774 1548 859 1624 louge
878 1571 932 1613 em·

197 1631 326 1711 plislimus
340 1631 433 1702 gloriae
446 1630 580 1707 samaeque
592 1628 655 1690 suit.
762 1662 765 1666 ·

238 1713 291 1772 XI.
314 1711 414 1770 Consul
433 1711 565 1788 assumpto
583 1710 696 1769 terrestri
711 1713 833 1773 exercitu
853 1712 938 1789 &gez

197 1793 262 1851 stam
283 1793 435 1868 melesius,
463 1791 559 1850 urbem
578 1790 594 1850 i
613 1791 704 1850 Poenis
725 1793 761 1850 ad
780 1809 931 1855 extremum

197 1873 251 1948 spei
271 1872 402 1941 adaslam,
424 1871 544 1947 periculo
564 1874 684 1932 exemit:
705 1873 770 1932 inde
787 1875 932 1936 Macellum

104 1971 107 1975 ·
196 1951 342 2029 pugnando
363 1953 451 2029 cepit,
477 1952 616 2012 Amilcare
640 1954 773 2032 nusquam
793 1975 930 2018 occurrere

196 2033 280 2094 auso:
307 2031 520 2111 confirmatisque
541 2035 683 2094 civitatum
704 2036 858 2099 amicarum
878 2038 936 2099 riui·¹

197 2118 261 2186 niis,
274 2114 361 2174 aeliate
371 2115 430 2191 jam
440 2114 611 2188 circumadd,
625 2116 747 2175 Romam
759 2119 853 2181 rediit.
876 2119 930 2180 Cu·

194 2200 239 2273 jue
253 2196 362 2256 discessu
377 2216 421 2254 res
435 2195 543 2254 Punicae
557 2198 660 2256 rursum
672 2197 839 2260 efflorescere
854 2219 928 2279 cepe·

195 2294 267 2338 runt.
291 2275 414 2336 Primum
428 2276 502 2334 enim
516 2276 550 2335 ab
562 2277 700 2337 obsidione
713 2279 864 2358 Mytistrati
876 2281 928 2360 poll

96 2377 101 2387 ’
179 2360 339 2436 septimum
361 2357 496 2429 mensem,
521 2357 615 2416 multis
637 2358 927 2433 suorumdesrdemtis,

195 2438 365 2497 discesserunt
379 2438 509 2499 Romani.
552 2438 663 2498 Deinde
678 2460 765 2518 quum
779 2443 851 2504 inter
864 2443 927 2522 ipsos

194 2523 220 2576 o
237 2518 376 2577 auxiliares
394 2518 550 2579 dissensione
570 2520 637 2592 orti,
657 2520 764 2581 seorsim
780 2522 797 2583 ὲ
815 2524 926 2599 legioni·

195 2600 246 2659 bus
260 2599 330 2657 inter
341 2600 476 2677 Paropum
491 2606 517 2659 δι
531 2601 668 2660 Thermas
682 2603 767 2663 casira
780 2609 877 2666 metati
889 2604 925 2666 so·

194 2681 232 2741 eii
253 2681 345 2752 essent,
365 2681 475 2739 illorum
495 2681 622 2741 vecordis
641 2684 776 2745 utendum
798 2701 873 2748 nutus
887 2687 924 2746 A·

194 2763 300 2835 milcar,
326 2762 469 2840 improvisi
489 2763 639 2841 irruptione
659 2763 736 2841 supra
758 2766 846 2829 millia
864 2787 923 2848 quo·

194 2859 257 2902 tuor
277 2843 395 2902 occidit:
417 2863 505 2922 neque
525 2843 643 2904 multum
663 2845 750 2905 abfuit
771 2851 840 2927 quin
860 2864 922 2910 totus

192 2923 384 2982 Romanorum
407 2925 539 2983 exercitus
559 2924 655 2984 eadem
675 2927 752 2986 clade
777 2931 921 2993 involvere·

192 3015 245 3063 tur.
289 3004 367 3076 Turn
381 3003 464 3076 igitur
479 3005 564 3066 multa
583 3007 681 3068 iterum
697 3009 812 3091 oppida,
832 3012 921 3095 partin
