1956 3736
177 212 219 275 94
336 193 747 252 Eunuunrrouas

89 337 117 386 ι,
132 352 171 402 43¹
182 319 277 395 Qrurn
291 329 381 375 autern
395 318 461 374 nihil
477 317 640 374 succurreret
654 331 749 392 praeter
764 316 867 386 regiam
881 335 911 371 a-

115 416 140 466 ³·
178 398 319 468 micitiam,
328 417 391 455 cum
401 396 494 455 Perseo
505 397 657 455 societatem
669 396 737 454 inire
744 396 830 453 euasti
841 395 911 466 sunt,

179 477 258 554 eique
273 493 381 548 gentem
395 477 468 536 suam
484 477 598 537 tradere.

219 576 247 633 4.
269 557 368 616 Romae
387 558 423 616 A.
439 558 582 627 Hostilius,
605 559 642 616 A.
660 555 760 613 Atilius
779 557 912 629 consules,

179 638 248 695 inito
264 639 427 709 magistratu,
448 642 474 695 δι
493 638 605 715 ρεηέὶίε
625 657 686 714 quae
704 636 796 694 divina
815 638 913 695 huma-

177 737 265 796 naque
283 719 311 775 in
328 719 434 783 urbe&
450 719 520 775 circa
538 717 634 775 urbem
653 717 709 774 fieri
727 715 741 773 i
760 718 912 776 consulibus

178 798 302 870 mosell,
323 799 350 856 in
365 798 517 878 provinciae
535 798 648 874 profesti
662 798 729 857 sunt.
766 797 912 871 Hostilius,

179 879 224 936 cui
243 879 408 937 Macedonia
428 879 571 950 obtigerat,
592 897 677 954 quum
698 877 727 933 in
747 876 914 938 Thessaliam

180 959 215 1016 ad
240 961 388 1018 exercitum
413 972 578 1038 properaret,
605 957 729 1034 Epirum,
757 977 819 1034 quae
841 979 913 1016 non-

181 1039 248 1101 dum
270 1039 361 1117 aperte
382 1039 527 1108 defecerat,
548 1037 685 1108 ingressus,
711 1057 807 1113 parum
827 1038 915 1098 abfuit

180 1121 247 1197 quin
264 1120 396 1178 incideret
414 1120 443 1176 in
459 1118 544 1176 Persei
560 1137 666 1175 manus.
699 1116 864 1176 Theodotus
883 1139 914 1176 e-

178 1200 238 1258 nim
252 1199 362 1276 quidam
378 1204 403 1255 dt
418 1197 588 1256 Philostratus
602 1197 653 1254 rati
667 1196 728 1268 sese,
743 1197 763 1254 sr
776 1217 840 1256 eum
855 1202 914 1272 regi

179 1278 324 1350 traderent,
344 1298 471 1349 magnam
492 1279 605 1349 gratiam
626 1277 698 1355 apud
720 1278 811 1336 Persea
830 1280 914 1338 initu-

180 1377 236 1430 ros,
256 1364 283 1416 8ι
301 1359 482 1430 graviffimum
501 1359 530 1415 iu
551 1357 689 1435 praesentia
709 1359 842 1416 Romanis
864 1360 913 1418 da-

180 1458 276 1498 mnum
287 1440 417 1511 illaturos,
425 1437 460 1496 ad
470 1457 563 1509 regem
575 1439 664 1495 literae
672 1437 782 1510 dedere,
790 1455 820 1497 ut
828 1461 914 1517 quan·

180 1518 207 1578 ti
228 1519 346 1578 maximi
367 1520 451 1596 posset
470 1519 604 1577 celeritate
625 1533 785 1577 accurreret.
826 1519 914 1594 Qudd

179 1599 228 1659 nist
254 1601 428 1659 &Perseum
453 1600 557 1676 objeua
577 1597 592 1656 a
614 1598 737 1658 Molossis
761 1600 795 1657 ad
819 1601 914 1659 Loum

179 1699 289 1739 amnem
302 1701 379 1740 mora
392 1680 553 1750 retardasset,
568 1686 593 1737 ει
607 1677 697 1738 consul
711 1677 746 1736 de
759 1679 914 1739 imminenti

180 1761 302 1840 periculo
320 1763 439 1819 monitus
456 1760 491 1818 ab
507 1760 625 1818 inslituto
642 1761 738 1818 itinere
755 1759 915 1832 deflexisset,

180 1841 228 1898 vix
246 1840 354 1899 videtur
368 1841 487 1911 effugere
504 1841 627 1917 potuisse.
662 1840 751 1912 Igitur
769 1840 860 1900 relisli
875 1842 915 1900 E·

181 1919 241 1998 piro
261 1920 397 1990 navigavit
414 1920 586 1996 Anticyram,
607 1920 681 1979 unde
701 1920 730 1977 in
747 1920 913 1981 Thessaliam

181 1999 332 2058 contendit.
367 1999 412 2057 lbi
425 2014 536 2077 accepto
553 2003 672 2059 exercitu
684 2000 719 2059 ad
730 2001 833 2059 hostem
848 2021 914 2080 per·

180 2080 259 2140 rexit.
293 2079 347 2139 Sed
362 2080 448 2138 nihilo
466 2079 569 2138 sellciirs
589 2081 692 2139 bellum
709 2080 914 2157 administravit,

180 2158 264 2254 quim
277 2160 366 2238 priore
381 2181 452 2220 anno
468 2162 571 2233 gestum
585 2163 680 2220 suerat.
714 2163 791 2220 Nam
804 2167 831 2220 a
844 2181 914 2240 prae-

181 2241 219 2299 ho
233 2242 375 2300 commisso
394 2261 459 2300 cum
470 2261 534 2313 rege
548 2241 637 2320 pulsus
651 2242 698 2314 est,
718 2247 744 2299 δι
758 2261 844 2320 quum
857 2244 915 2320 pri-

180 2318 230 2379 mo
251 2342 300 2399 per
322 2322 456 2381 Elimeam
475 2323 532 2380 vim
553 2321 642 2380 sacere
663 2322 793 2393 tentasset,
814 2322 916 2382 deinde

181 2420 231 2478 per
245 2402 410 2460 Thessaliam
428 2402 534 2459 occulte
554 2402 644 2459 moliri
662 2402 724 2473 iter,
745 2403 852 2480 ubique
864 2421 914 2462 oc·

180 2494 306 2538 currente
326 2481 430 2551 Perseo,
457 2500 528 2538 vano
549 2498 646 2539 conatu
659 2482 785 2542 absistere
804 2485 917 2543 coadiue

181 2559 230 2618 est.
268 2560 332 2617 Nec
347 2559 510 2619 Hortensius
524 2574 632 2638 praetor,
653 2564 699 2620 cui
712 2561 794 2620 claffia
806 2564 915 2636 obtige-

182 2652 233 2712 rat,
255 2639 403 2718 quidquam
417 2641 476 2698 satis
489 2640 553 2699 scite
566 2656 612 2700 aut
623 2642 765 2701 fortunati·
774 2644 843 2715 egit,
864 2666 917 2703 cu-

179 2721 224 2798 jus
237 2741 272 2780 ex
285 2720 365 2780 rebus
382 2721 458 2793 gestis
476 2720 544 2780 nihil
560 2721 595 2780 ad
612 2724 772 2782 memoriam
787 2723 917 2796 insignius

182 2801 231 2872 est,
251 2801 333 2880 quim
346 2802 463 2862 crudelis
477 2807 502 2859 ἀ
516 2801 617 2881 persida
631 2804 704 2861 urbis
720 2803 918 2865 Abderitarum

182 2879 311 2958 direptio,
331 2904 418 2961 quum
438 2882 604 2941 intoleranda
622 2882 671 2941 fibi
689 2883 815 2961 impolita
834 2905 917 2944 onera

183 2959 399 3042 deprecarentur.
441 2964 530 3034 Igitur
555 2964 662 3022 Perseus
688 2964 832 3024 ’Romanos
858 2967 917 3041 jam

183 3029 341 3121 despuunt,
360 3062 393 3106 ac
405 3042 479 3112 uelut
492 3042 590 3106 otiosus
601 3042 719 3126 plane&
730 3063 845 3120 vacuus,
865 3066 917 3108 co·
