1956 3736
175 148 745 212 Surraau.L.XVlH.L1vrau.
775 167 830 230 ¹93

90 298 147 347 tur
191 287 332 349 Romanos
347 306 432 346 unum
453 288 522 347 illud
536 288 675 382 movebat,
696 284 794 364 qubd
786 307 826 344 m·
839 291 870 337 U
882 294 911 341 C

70 369 181 441 ,stituto
201 370 292 446 priore
306 384 414 429 mutato
428 370 539 441 Poenos‚
559 371 650 428 vitatis
664 367 856 468 editioribus
846 370 904 416 497·

84 449 238 527 asperisque
254 450 332 521 locis,
354 471 402 527 per
422 452 500 550 plana
519 470 680 544 camporum
697 449 878 548 videbant2‘5
836 423 905 468 ο

87 530 226 590 incedere.
248 531 292 588 sed
306 532 435 608 perpetua
449 532 597 589 felicitate
589 552 618 588 in
631 529 781 608 superbiam
795 550 825 587 e-

82 611 153 683 lati,
177 612 251 668 vinci
270 612 357 669 solitas
378 613 469 688 copias
492 611 687 690 dusloremque
707 610 825 669 Graecu-

81 693 147 751 -lum
169 691 357 768 despiciebant.
401 694 503 770 Neque
522 694 645 763 Regulus
663 692 776 749 intactus
796 711 824 750 e·

87 788 129 832 rat
144 773 196 829 hoc
211 774 326 830 fortunae
342 773 510 852 obsequentis
522 772 623 831 blando
635 792 750 832 veneno.
771 772 825 844 igi-

78 866 134 914 tur
154 873 239 931 quum
258 853 284 910 se
304 854 451 912 maritimas
469 855 617 911 Poenorum
635 852 718 924 vires,
739 872 826 930 quum

78 934 223 1013 pedestres
236 935 351 1004 fregisse,
373 934 474 1011 oppida
489 935 573 992 serme
587 934 712 1003 ducenta,
733 932 826 991 horni-

85 1035 156 1073 num
169 1014 203 1071 ad
217 1015 333 1097 ducenta
347 1016 432 1073 millia
448 1015 555 1091 cepisse,
577 1014 726 1089 urbemque
741 1011 825 1089 ipsam

76 1097 220 1155 :Punicam
233 1093 314 1153 uariis
331 1096 514 1154 incommodis
530 1095 698 1153 laborantem
714 1113 777 1164 cogi
769 1093 826 1150 ad

77 1174 258 1235 deditionem
283 1176 358 1253 posse
382 1192 539 1253 reputaret3
572 1196 668 1253 pacem
693 1174 825 1232 tolerabili

78 1257 246 1315 :conditione
267 1258 419 1335 petentibus
439 1259 615 1329 negavit,c
591 1255 742 1333 scripsitque
762 1255 823 1312 Ro-

85 1358 164 1397 mam
179 1351 269 1415 portas
285 1338 488 1412 Carthaginis
470 1360 488 1394 a
500 1339 533 1413 se
546 1351 615 1395 metu
627 1337 767 1413 obstgnatas
782 1348 822 1393 te-

85 1423 157 1479 neri.
201 1420 244 1476 Ita
264 1439 375 1489 magnos
396 1420 477 1476 etiam
497 1420 602 1477 animos
622 1419 715 1494 saepius
734 1419 763 1475 in
782 1417 822 1474 se-

74 1500 186 1561 ‚tundis
202 1501 281 1557 rebus
302 1499 463 1569 moderatio,
485 1498 567 1576 quim
581 1500 609 1554 in
626 1497 740 1558 adversis
755 1517 822 1556 eon-

72 1581 180 1640 ‘stantia
193 1580 317 1639 descruit.

127 1662 243 1720 XXIV.
266 1660 396 1718 Ceterum
410 1659 500 1717 Poenis
513 1657 593 1716 castra
606 1658 669 1716 loco
681 1677 760 1736 aequo
772 1658 822 1717 ha·

74 1741 223 1813 bentibus,
246 1742 291 1801 M.
304 1741 437 1811 Regulus,
459 1740 503 1798 cui
520 1741 549 1798 in
566 1738 687 1816 peditatu
701 1739 761 1815 plus
776 1757 823 1796 ro·

72 1822 173 1895 -boris,
194 1843 281 1898 eoque
301 1821 421 1879 montosa
436 1827 461 1879 δι
476 1821 558 1879 ardua
575 1820 635 1878 loca
651 1819 773 1879 sesianda
790 1838 822 1888 e-

72 1919 157 1973 rant,
178 1903 246 1960 nihil
261 1904 358 1961 referre
374 1902 479 1961 virtutis
496 1918 591 1979 putans
608 1903 655 1959 ubi
668 1901 821 1973 dimicaret,

72 2003 144 2042 >non
162 1984 294 2040 timuit&
315 1983 368 2058 ipse
387 2003 483 2058 campo
497 1983 523 2040 sc
542 1982 663 2054 credere,
684 1983 764 2040 etiam
784 1982 820 2039 ad

72 2065 219 2138 ,majorem
233 2063 435 2120 ostentationem
447 2063 563 2132 fiduciae,
584 2062 680 2132 fluvio,
699 2063 746 2138 qui
758 2083 818 2120 me-

83 2145 147 2203 dius
169 2144 265 2214 suerat,
288 2143 450 2200 transmisso:
472 2143 646 2218 passuumquc
666 2141 723 2198 sere
742 2143 818 2208 mille

74 2189 266 2283 ducentoruni
281 2224 421 2280 intervallo
438 2223 472 2280 ab
490 2222 563 2278 holle
582 2223 707 2279 constitit
744 2224 817 2279 Xan-

83 2306 144 2381 thip
127 2326 195 2382 ppus
215 2305 334 2362 Romani
354 2304 431 2361 ducis
452 2302 662 2380 imprudentiam
682 2302 819 2377 conspica-

83 2401 139 2455 tus,
161 2385 245 2441 bscil
242 2385 289 2440 lud
300 2398 396 2459 tempus
410 2385 467 2459 effe,
488 2404 535 2459 quo
546 2383 668 2458 promt'ffia
679 2380 732 2456 sua
751 2384 818 2440 Car

69 2465 286 2539 shagimenstbas
307 2464 386 2538 exfhlz
389 2479 459 2534 crat,
481 2472 516 2522 tel
516 2465 631 2523 l.abatur
653 2462 727 2540 qubd
746 2465 821 2522 enim

83 2548 228 2606 Romanos
249 2565 283 2602 ex
302 2546 404 2603 itineris
427 2547 516 2603 labore
537 2545 707 2616 delatigatos,
733 2546 820 2623 quali-

83 2627 135 2685 bus
155 2625 295 2703 optavisset
312 2625 389 2694 locis,
410 2627 502 2684 nessus
522 2641 588 2696 erat,
610 2625 682 2682 suam
701 2628 760 2684 sore
779 2627 820 2683 vi-

81 2707 197 2765 storiam
215 2725 271 2762 non
291 2706 437 2764 dubitabat
460 2721 567 2780 tempus
587 2707 665 2763 etiam
686 2720 820 2782 opportu-

81 2787 220 2847 niffimum
233 2785 267 2843 ad
287 2805 407 2864 pugnam
421 2786 573 2855 videbatur,
594 2783 669 2862 quod
687 2784 821 2863 praecipiti

79 2869 142 2944 jam
157 2869 185 2923 in
200 2867 335 2944 vesperam
353 2865 409 2937 die,
432 2865 507 2924 Afris
521 2865 647 2923 locorum
665 2865 763 2936 gnaris,
784 2863 819 2925 st-

83 2965 121 3005 ve
136 2947 316 3018 vincerentur,
336 2946 470 3018 effugium
487 2965 535 3024 per
548 2947 657 3005 nostem
671 2945 774 3008 facilius
789 2966 819 3004 e-

83 3041 126 3093 tat
141 3025 281 3102 futurum,
302 3029 356 3093 five
368 3029 519 3102 vincerent,
533 3026 609 3170 Ipilril
628 3028 663 3091 ad
679 3028 820 3090 visionem

583 3127 601 3169 a
