1956 3736
184 145 715 208 Sucrtsn.L.XVi.L1vtnu.
763 143 819 226 ipe

94 300 96 305 ·
122 281 194 341 XX..
218 281 327 359 Qrippe
347 295 408 340 ante
430 281 595 358 postremum
615 298 679 336 cum
693 277 822 336 Hierone

78 363 227 439 praelium,
255 362 378 420 diffidere
401 364 459 438 jam
484 361 563 419 rebus
584 361 636 418 luis
661 360 822 436 incipientes

84 442 247 501 Mamertini
270 443 459 501 Romanorum
480 461 578 520 opem,
598 442 638 499 uti
663 439 821 510 consangui-

84 541 214 594 neorum,
235 524 462 600 imploraverant:
484 529 510 581 δι
524 521 676 580 consulibus
690 521 755 579 belli
774 539 821 590 ge-

72 603 161 664 ·mxdi
182 603 330 680 cupiditate
354 605 463 681 plebem
488 603 675 672 incitantibus,
704 602 820 678 populus

80 683 215 741 auxilium
237 685 300 742 serti
321 685 495 743 Mamertinis
511 684 630 759 jusserat,
651 682 696 740 led
716 683 819 740 senatus

80 765 178 821 metor
199 764 257 822 fieri
274 765 379 841 pudore
398 766 580 823 condibatur.
602 764 649 840 qui
666 765 739 820 enim
756 782 820 819 mo·

79 841 121 900 dd
141 844 202 901 suos
221 845 258 902 ob
275 845 415 916 Rhegium
435 867 484 923 per
501 843 583 902 scelus
599 858 709 919 captum
728 843 820 899 severo

54 979 57 989 ,
80 923 214 1000 supplicio
233 925 387 997 affecerant,
408 927 439 996 ii,
460 926 480 983 fi
498 927 556 1000 jam
572 923 745 982 Mamertinis
765 923 821 998 pari

84 1003 198 1082 perfidiis
213 1005 333 1063 Meilani
347 1007 440 1083 potitis
454 1004 659 1082 opitularentur,
673 1003 770 1061 destrui
780 1003 821 1060 vi-

81 1083 184 1144 debant
202 1086 316 1156 gloriam
332 1087 438 1161 justitiae
453 1107 484 1143 ac
498 1086 562 1143 fidei
576 1105 658 1162 quam
677 1083 766 1160 priore
780 1083 821 1140 fa-

79 1162 129 1222 ἂο
147 1163 201 1222 lare
220 1166 404 1243 quaelrviffent.
448 1166 579 1225 Ceterum
597 1165 674 1223 clade
695 1164 820 1223 Mamer·

82 1243 206 1303 tinorum
227 1266 296 1305 mox
314 1247 421 1317 auditi,
447 1268 532 1324 quum
552 1248 610 1324 jam
631 1246 748 1304 dubium
768 1243 821 1303 effe

80 1342 141 1383 nort
161 1327 256 1402 pollet,
278 1329 344 1404 quin
365 1328 452 1385 reliffl
470 1327 486 1387 :l
505 1327 649 1399 Romanis,
671 1327 821 1385 Poenorum

79 1406 309 1483 opesrespetiuri
321 1409 413 1480 ellent,
429 1409 568 1485 praevaluit
581 1409 709 1466 sententia
719 1409 819 1482 juvan-

77 1485 135 1544 dos
148 1486 201 1544 effe
213 1489 387 1547 censentium.
408 1507 472 1546 nam
487 1494 512 1545 sc
524 1489 553 1545 in
565 1488 655 1545 senatu
667 1487 758 1564 plures
772 1486 819 1545 eti·

79 1565 150 1625 dem
171 1567 299 1626 inclinare
320 1585 469 1646 coeperant,
494 1567 696 1645 prospicientes,
720 1569 749 1624 ni
770 1567 819 1624 fie-

80 1659 135 1718 ret,
157 1647 308 1707 Meffanam
322 1649 420 1720 statim,
442 1654 467 1705 δι
480 1648 560 1724 paolo
575 1648 633 1723 post
645 1660 763 1704 ceteram
777 1647 819 1705 Si·

81 1726 176 1786 citiam
194 1743 280 1786 totam
295 1693 555 1800 Carthaginiensium
575 1728 643 1786 sore.
665 1725 741 1804 quod
755 1727 819 1787 fie-

79 1808 206 1880 miffet,
265 1809 360 1886 pulum
374 1808 533 1868 Romancnn
550 1829 616 1895 cum
630 1808 716 1868 Poeno
735 1805 771 1867 de
788 1807 820 1866 I·

80 1887 154 1948 uliae
224 1890 320 1948 dione
334 1903 510 1950 certaturum
845 1911 847 1914 ’

81 1969 210 2030 ..ΧΧΙ
233 1970 309 2026 Nam
323 1970 393 2028 istud
410 1971 561 2047 periculum
573 1969 740 2041 inevitabile,
760 1984 820 2030 tum

80 2047 239 2126 cupiditas
231 2051 339 2126 imperii
353 2052 509 2126 potentibus
525 2050 610 2120 insita,
631 2065 691 2107 tum
703 2049 760 2146 ipse
775 2049 819 2108 lo·

81 2148 184 2189 corum
194 2129 258 2187 situs
272 2130 413 2190 efficiebat.
456 2129 567 2208 Qippe
582 2125 714 2186 ltaliam
703 2149 719 2184 a
731 2128 822 2200 Li'gu

82 2209 159 2268 ribus
180 2215 206 2267 de
222 2211 365 2269 Venetis'
358 2227 429 2268 mter
450 2210 507 2267 duo
526 2209 610 2267 maria
629 2209 713 2278 longo
734 2210 820 2268 nuclu

81 2289 288 2366 procedentem,
309 2292 362 2367 qua
382 2292 550 2349 Bruttiorum
568 2309 632 2360 ager
649 2287 730 2360 est,
717 2311 733 2346 a
753 2309 819 2345 con

82 2371 156 2427 teitu
169 2371 267 2428 Siciliae
287 2386 368 2428 tenue
384 2372 487 2432 fretum
503 2370 613 2428 dividit.
634 2390 723 2445 neque
738 2369 818 2427 dubi·

82 2464 155 2508 tetur
169 2452 340 2508 continentes
352 2451 418 2509 olim
435 2452 482 2508 bae
499 2454 625 2524 regiones
637 2451 731 2518 fuum
752 2469 820 2510 mon

82 2528 323 2591 intercurrentibus
336 2532 415 2610 aquis
428 2532 586 2610 diremptas,
607 2532 660 2590 five
675 2533 821 2592 humiliore

83 2611 115 2669 ei
127 2628 203 2689 parte
217 2612 277 2671 loca
290 2633 364 2671 mare
378 2629 550 2690 acceperunt,
565 2613 619 2670 five
632 2616 719 2688 major
731 2614 822 2689 aliqua

83 2693 126 2750 vis
146 2707 225 2750 terrae
251 2695 342 2752 motis
369 2710 415 2752 aut
437 2693 654 2752 incumbentium
685 2693 820 2751 undarum

86 2775 220 2844 angustiat
240 2775 335 2833 isthmi
353 2776 491 2854 perrupit.
513 2772 528 2830 l
547 2793 603 2850 quo
628 2787 726 2831 eventu
747 2773 820 2831 Rhe-

72 2858 154 2927 gisem
175 2855 347 2913 nominatum
366 2870 471 2934 putant.
493 2853 540 2911 nli
561 2854 634 2911 enim
655 2855 746 2931 aliquo
766 2874 822 2914 vo·

84 2933 195 3003 cabulo,
215 2954 276 3028 quae
297 2950 374 3013 rupta
393 2935 462 3006 sunt,
484 2933 623 2993 iGraecis
642 2935 820 3015 appellantur

85 3015 184 3093 Imque
202 3016 310 3094 primos
321 3016 419 3076 Sieiliae
438 2980 555 3076 cultores
575 3034 610 3077 ex
624 3016 703 3077 Italia
720 3017 822 3077 venue

489 3097 530 3157 M
548 3116 566 3158 2
