1956 3736
181 141 370 234 surtran·
394 172 695 239 L.X11.Lrvrru.
759 192 801 256 -4r
877 157 881 162 ⁷

74 302 258 376 Rheginorum
283 305 409 362 Decius:
437 324 474 362 ex
496 307 606 364 militari
628 306 840 367 multitudinett.
853 326 881 372 c.

71 385 189 462 quidam,
216 384 251 441 ad
271 385 324 442 hoc
349 387 497 461 praeparati,
522 387 693 458 succlamant,
719 391 799 444 armis
818 399 877 447 47¹·

70 464 248 540 expediendam
265 465 389 538 salutem,
415 463 451 522 Εἴ
473 469 583 522 exitium
604 467 663 542 ipfis
687 454 876 560 destina-‘23⁰'

69 556 129 615 tum,
150 548 181 601 in
201 550 334 601 arbiorum
356 549 443 619 capita
463 546 614 602 vertendum
635 547 700 621 effe:
725 547 797 605 adest
854 528 876 562 ι’

68 626 144 682 etiam
163 642 199 681 ex
215 625 369 700 compacto,
390 625 439 702 qui
454 627 565 682 nunciet
582 630 611 683 in
626 626 743 700 Rhegino
760 628 796 683 li·

66 717 118 762 tore
138 705 181 760 cla
201 722 240 761 m
262 703 364 778 Pyrrhi
387 705 539 779 conspet‘lam
560 706 622 779 effe,
643 703 679 763 (θ’
691 709 798 781 secreta

66 786 191 860 colloquia
213 782 315 843 habita.
357 785 441 842 Miles
465 784 541 862 supra
565 786 686 860 priorem
711 788 794 846 animi

65 865 250 942 cupiditatem,
272 865 354 922 etiam
374 864 487 942 persidii
506 865 622 922 hostium
639 871 665 922 δι
683 868 796 942 periculi

64 960 134 1003 metu
155 943 323 1003 accenditur.
366 944 501 1003 Consensu
523 945 646 1001 omnium
672 945 700 1002 in
724 948 794 1004 hanc

62 1024 216 1082 sententiam
231 1025 384 1097 disceditur,
406 1038 436 1081 ut
453 1028 544 1098 rgnari
559 1028 733 1100 imparatique
749 1039 793 1101 op-

60 1105 148 1178 pidaui
167 1109 367 1180 opprimantur.-
396 1105 465 1161 caedr
485 1108 605 1161 virorum
615 1104 709 1178 fratirs,
725 1109 792 1179 for-

61 1196 133 1242 tunae
152 1185 269 1259 publica
288 1191 457 1260 privateque
477 1204 559 1242 omnes
576 1185 671 1258 legioni
690 1187 793 1246 cedam

62 1264 104 1323 Fit
124 1264 226 1323 facinus
246 1265 390 1337 indignum
411 1271 436 1321 δι
455 1280 542 1325 atrox.
585 1265 688 1323 Decius
711 1266 791 1347 quos⁴

60 1343 120 1402 dam
140 1364 177 1402 ex
191 1345 356 1421 principibus
368 1346 404 1402 ad
418 1364 525 1403 coenam
537 1360 647 1403 vocatos
664 1349 734 1405 inter
751 1348 789 1405 sa-

59 1444 99 1482 cra
123 1424 260 1500 hospitalis
283 1427 380 1482 mensae
401 1424 558 1483 obtruncat:
586 1427 630 1482 alii
650 1428 741 1502 passim
761 1429 791 1486 in

57 1504 186 1562 domibus
207 1504 258 1561 suis
281 1505 463 1563 trucidantur:
491 1506 588 1579 majori
612 1521 687 1581 parte
710 1509 790 1564 Rhe·¹

57 1587 184 1652 tinorum
202 1584 350 1656 interfesbi
372 1586 455 1642 ceteri
475 1585 559 1658 patrii
579 1585 732 1658 ejiciuntur,
753 1587 789 1644 ab

56 1663 150 1723 iisdem
169 1663 234 1734 illis,
256 1684 326 1741 quos
339 1666 419 1740 paulo
433 1663 495 1724 aute
508 1678 538 1720 ut
556 1682 620 1719 curn
638 1666 721 1740 patria
734 1666 787 1722 ser-

57 1759 193 1813 varentur,
215 1743 365 1804 amicorum
383 1759 464 1822 atque
481 1744 612 1801 sociorum
632 1746 742 1803 nomine
760 1744 790 1801 in

55 1842 113 1882 eam
127 1837 298 1900 acceperant.
785 1850 789 1859 ·

90 1905 187 1962 XXX.
211 1903 267 1960 His
278 1903 398 1981 patratis
419 1922 489 1962 nova
504 1904 534 1962 fit
545 1904 661 1982 pubiicae
676 1906 715 1963 rei
729 1905 786 1963 for-

54 2003 112 2042 nra:
135 1983 209 2040 aedes
228 1997 308 2060 atque
327 1983 639 2064 facultates‘miserorum
659 2000 787 2062 tanquam

54 2063 154 2122 hostilis
171 2062 264 2140 praeda
285 2064 355 2121 iuter
376 2063 492 2121 latrones
510 2064 684 2122 dividuntur:
711 2066 787 2123 caede

54 2145 141 2202 adhuc
160 2145 276 2214 recenti,
296 2158 425 2202 marrona
442 2142 607 2220 virginesque
624 2144 789 2201 maritorum

53 2238 132 2302 atque
151 2237 296 2299 parentum
316 2225 426 2281 suorum
446 2223 661 2281 interstantibus
682 2222 786 2281 nubere

54 2318 209 2375 coguntur:
239 2305 301 2378 jura
327 2322 483 2380 nomenque
511 2302 643 2371 Rheginae
669 2303 785 2360 civitatis

53 2384 215 2442 crudetis&
239 2383 378 2458 perfidiosa
398 2383 470 2453 legio
491 2382 539 2440 srbi
558 2382 685 2440 vindicat.
728 2381 786 2439 Sed

55 2462 121 2522 bene
147 2462 281 2520 consuluit
303 2462 458 2520 mortalium
480 2464 572 2534 generi
594 2463 682 2533 Deus,
706 2459 784 2538 qoud
834 2460 837 2467 ¹

52 2545 211 2618 plerumque
226 2543 356 2600 scelerum
372 2543 514 2613 infignium
532 2544 664 2620 exempla,
686 2542 784 2603 eadem

52 2622 224 2682 &vindislae
246 2623 354 2681 illustris
374 2623 538 2680 documenta
558 2624 638 2681 sunt:
664 2643 699 2680 ne
720 2624 784 2698 quis

52 2705 134 2775 magis
160 2702 283 2760 successu¹
297 2703 491 2761 maleficiorum
516 2703 628 2759 animari
647 2702 683 2758 ad
709 2701 783 2775 paria

51 2783 157 2840 consilia
176 2782 264 2858 poffit,
285 2782 366 2860 quam
385 2783 458 2838 exitu
473 2797 626 2858 eventuque
643 2780 784 2839 deterreri.

52 2864 130 2921 Adeo
150 2880 224 2919 rerae
243 2862 364 2920 felicitati
384 2880 447 2918 cunr
465 2860 620 2917 facinorosis
635 2879 693 2916 non
712 2879 783 2916 con-

50 2945 121 3000 venit
129 2967 139 3011 ς
161 2961 251 3018 neque
265 2944 320 2999 ulla
336 2942 436 2999 certior
449 2941 485 2997 est
498 2941 605 3012 insania,
626 2938 708 3017 quam
723 2942 783 3000 exi·

51 3020 153 3108 [iuuare
172 3022 271 3084 sceiere
284 3041 451 3103 quemquam
460 3020 528 3167 lgeri
546 3021 705 3086 beatiorem.
739 3023 786 3104 Ut
