1956 3736
175 155 359 213 Sunnrau.
383 147 516 214 LXIX.
541 146 699 212 Ltvt'nn.
748 153 802 212 261

118 279 198 337 LXI.
220 280 293 338 Mish
313 278 411 339 deinde
426 276 545 342 Romam
559 277 612 338 &ai
629 279 736 338 consule
754 283 780 336 δι
793 275 848 348 iv,
859 301 887 348 ρ,

76 359 169 418 Poenis
189 360 281 430 legati,
302 363 349 437 qui
370 362 405 419 de
426 363 497 438 pacis
517 364 590 420 initae
609 361 723 438 legibus.
735 359 807 418 sena-
827 378 886 422 5¹0·

74 443 137 498 tut'n
157 441 343 518 populumque
363 443 520 500 Romanurn
540 443 694 501 edocerent.
739 432 846 499 Non*
860 431 889 477 ⁰·

74 521 201 598 probavit
220 541 314 598 pacem
331 523 464 600 populus:
486 523 530 580 sed
547 524 643 582 decem
657 523 759 593 legatos
773 521 809 580 ud
828 506 887 557 ²⁴²⁰

76 621 119 660 res
134 602 308 679 inspiciendas
320 605 393 662 mitti
405 605 486 680 jussit,
500 604 583 683 iisque
597 604 706 662 reversis
719 605 809 662 inten-

76 683 118 739 dit
136 682 305 742 conditiones
315 709 324 753 ς
345 698 376 741 ut
395 685 465 743 mille
485 686 584 743 talenta
595 685 701 761 statim,
722 684 810 742 deinde

70 767 191 839 proximo
203 765 320 822 decennio
334 767 381 824 duc
398 766 481 823 millia
495 765 604 835 ducenta
614 766 806 842 penderentur:

76 855 108 898 ut
123 855 227 917 praeter
247 847 375 917 Siciliam,
403 847 516 903 omnibus
533 845 634 920 insulis,
658 851 809 920 quainter

76 921 146 980 bunc
158 923 194 983 [θ’
208 925 314 984 Italian
330 925 418 1001 effent,
440 925 624 984 excederetur:
647 943 710 982 neue
728 926 809 999 longis

76 1004 186 1061 nauibus
198 1009 227 1063 in
243 1007 360 1078 Italian,
381 1020 428 1064 cut
444 1008 555 1064 Romani
559 1008 635 1084 juris
648 1005 745 1079 insulas
759 1025 809 1062 na-

74 1088 200 1159 uigarent
222 1087 302 1144 Pani
310 1113 319 1156 ς
341 1105 420 1163 neque
439 1087 549 1144 militurn
568 1089 757 1143 mercenarium
776 1102 811 1143 etr

75 1169 111 1224 iis
124 1166 301 1239 conducerent,
324 1167 575 1247 Carthaginienses,
596 1167 664 1224 dum
678 1186 744 1243 pace
758 1186 810 1244 po-

76 1247 200 1316 tirentur,
221 1248 289 1305 nihil
310 1250 469 1307 recusavere.
506 1248 630 1307 Amilcar
651 1248 738 1305 statim
758 1249 810 1305 im-

76 1326 155 1403 perio
166 1325 298 1402 deposito,
318 1329 470 1407 priusquam
479 1329 653 1407 jurejurando
666 1330 742 1406 pasta
754 1328 811 1386 san·

77 1406 207 1475 cireutur,
234 1406 399 1484 Lilybaeum,
428 1424 508 1487 atque
533 1411 597 1468 inde
617 1409 811 1479 Carthaginem
841 1480 845 1489 Ι

77 1484 234 1543 transmistt:
259 1506 344 1563 quum
362 1493 388 1544 δι
407 1490 532 1556 consiliis,
554 1495 579 1546 δι
593 1491 686 1559 armis,
707 1489 811 1546 ducum

76 1566 203 1624 omnium
219 1566 267 1642 qui
283 1586 325 1623 res
339 1587 373 1624 eo
387 1567 459 1624 bello
479 1569 622 1639 gesserunt,
642 1567 715 1625 haud
729 1566 813 1626 dubie

75 1645 315 1726 praestantissimum
330 1647 355 1704 se
368 1648 534 1706 exhibuisset.

72 1751 79 1759 ·
120 1726 219 1788 LXII.
236 1726 303 1784 Hoc
313 1727 432 1786 maxime
445 1729 566 1787 modo&
580 1727 693 1798 gestum,
705 1731 732 1784 δε
744 1744 812 1785 con·

72 1808 179 1868 tectum
195 1809 231 1866 est
245 1808 347 1867 bellum
359 1808 428 1867 illud
439 1808 657 1882 Carthaginiense
671 1808 810 1886 primum3

75 1888 153 1969 quod
172 1891 201 1948 in
218 1904 344 1968 quartum
364 1891 565 1950 &vicesimum
585 1911 686 1949 annum
708 1904 814 1948 traxere

75 1970 146 2025 varii
159 1971 242 2040 casua,
263 1977 288 2028 δε
300 1972 400 2031 atrocia
413 1975 550 2050 utrimque
563 1972 671 2043 damna,
692 1970 736 2029 sed
749 1991 810 2029 ma-

74 2051 261 2127 juncorum,
282 2052 330 2126 qui
346 2052 380 2107 ad
398 2068 551 2110 extremum
567 2054 698 2110 vicerunt.
733 2051 811 2108 Nam

77 2130 192 2189 Punicas
207 2127 318 2205 quidem
333 2131 541 2205 quinqueremes
558 2131 665 2187 circiter
677 2129 811 2206 quingen·

74 2224 118 2270 tas
132 2229 165 2267 eo
178 2208 250 2267 bello
262 2208 366 2285 periisse
379 2209 498 2281 tradunt,
520 2209 567 2286 qui
581 2210 743 2281 singularum
757 2210 813 2271 cla-

77 2291 155 2349 dium
172 2290 304 2348 rationem
319 2289 421 2346 inivere
430 2314 439 2357 ς
462 2290 648 2348 Romanarum
663 2289 696 2346 ad
712 2288 811 2366 septin-

77 2385 257 2448 gentaequo
278 2368 396 2428 maxime
413 2382 573 2442 argumento
586 2370 726 2427 'Romanae
744 2389 812 2427 con·

76 2452 178 2510 stantiae
196 2451 279 2509 robur
293 2450 426 2528 apparuit,
448 2452 524 2529 quod
540 2450 620 2509 nullis
634 2470 723 2528 neque
741 2469 812 2527 prae·

77 2533 180 2590 linrum
199 2531 326 2602 adversis,
350 2551 438 2610 neque
458 2546 614 2611 temporum
634 2531 735 2589 casibus
756 2531 811 2588 sru-

77 2613 164 2680 sium,
185 2612 243 2669 vim
257 2612 384 2682 hostium,
405 2613 538 2689 impetum
551 2612 678 2684 fortunae,
698 2610 812 2669 taediurn

79 2689 189 2761 laboris,
210 2705 393 2768 paupertatem
410 2693 496 2750 aerarii
517 2692 582 2770 pari
595 2691 722 2768 patienti&
739 2689 812 2748 susti·

78 2770 138 2830 nuit
157 2770 283 2847 vicitque.
320 2771 380 2828 Post
399 2772 458 2831 haec
475 2773 511 2830 ad
533 2792 576 2831 rea
594 2771 692 2830 Siciliae
713 2770 812 2831 cousti-

79 2849 191 2910 tuendat
219 2851 253 2909 C.
272 2851 383 2909 Lutatio
403 2853 517 2926 Catulo,
545 2852 622 2928 cujus
646 2871 731 2909 annua
753 2853 811 2928 jam

79 2931 191 3004 exierat,
205 2946 379 3007 prorogatum
391 2932 536 3012 imperium
547 2933 593 2992 estss
607 2952 642 2992 ex
655 2933 733 2992 novis
745 2954 812 2993 con·

78 3011 178 3072 sulibut
195 3011 294 3073 cuidem
310 3013 401 3074 missus
418 3017 594 3099 QLutatiua
607 3015 646 3077 C.
663 3015 694 3075 F.
712 3015 749 3077 C.
766 3015 809 3078 Ν.
