1956 3736
74 310 107 358 tt.
119 311 147 359 C.

82 388 141 435 47¹·

166 168 207 249 ῃ
317 167 766 245 juncturarum·

166 293 239 368 etiirn
259 327 320 386 quae
343 306 401 384 post
422 305 491 362 banc
511 304 596 362 vitam
621 315 732 361 manent
751 301 895 381 supplicia,

167 409 228 466 quae
241 389 358 446 maxima
371 385 500 462 sapientes
520 386 571 442 effe
590 383 685 454 sciunt,
707 383 780 440 nulla
800 400 895 460 puten-

168 483 226 537 tur,
255 466 334 538 (solet
353 465 426 523 enirn
446 465 589 522 hominum
609 462 773 520 incredibilis
793 463 895 521 stultitia

168 548 215 604 vix
229 547 261 602 iit
275 546 373 602 habere
391 545 474 602 fidem
488 564 549 620 quae
563 542 667 613 vident,
688 542 792 600 nedum
809 557 840 602 ut
858 544 895 601 iu·

167 625 283 702 expertis
302 628 474 696 moveantur)
496 637 614 680 attamen
631 623 712 679 etiam
731 643 818 699 quum
836 643 895 699 pro·

167 703 294 782 sperrime
313 704 464 780 procedunt
481 704 582 773 omnia,
603 703 710 759 interno
729 703 842 760 vulnere
861 702 895 760 la·

167 800 240 842 cerat
264 786 385 842 animum
410 783 570 840 deliciorum
594 783 774 840 conscientia:
804 784 895 841 viven-

167 865 238 923 tium
258 885 370 935 nomen‚
391 879 561 923 mortuorum
582 863 724 932 memoria,
751 863 824 938 apud
848 863 895 920 ho·

168 946 256 1002 mines
271 946 299 1002 in
314 945 379 1002 odio
394 950 419 1001 tc
432 943 603 1001 detestatione
618 943 671 999 est:
693 962 723 999 ac
738 941 895 1019 plerumque

166 1024 284 1100 idipsum
301 1044 420 1102 quoque,
441 1023 515 1100 quod
530 1021 669 1079 foediffimt
684 1037 803 1098 partum,
825 1021 895 1080 labo·

167 1103 304 1162 riosrffrmi:
322 1118 455 1161 retentum
473 1103 519 1171 est,
539 1122 596 1159 non
612 1102 685 1172 Deo,
707 1121 763 1157 non
780 1101 895 1159 hornini-

169 1182 220 1244 bus
237 1185 320 1240 inulta
338 1182 434 1241 scelera
453 1181 500 1239 diu
519 1181 690 1258 patientibus,
712 1181 816 1252 ingenti
836 1201 895 1240 eum

167 1262 264 1319 dolore
279 1264 397 1338 eripitur.
577 1299 581 1305 ·

210 1343 320 1399 XXXI.
343 1343 423 1417 Juvat
437 1339 484 1399 hic
502 1341 600 1400 referre
613 1342 730 1400 breviter
745 1340 830 1399 Decii
849 1340 895 1417 Ju-

168 1420 245 1479 bellii
261 1437 465 1499 ceterorumque
479 1421 577 1479 furoris
592 1424 649 1497 ejus
665 1422 827 1497 participum
841 1439 895 1497 poe·

168 1519 227 1571 nas,
253 1522 313 1577 quae
333 1501 445 1578 quidem
468 1522 560 1560 earum
580 1501 748 1577 temporibus
769 1501 813 1556 his
833 1513 895 1558 con'·

168 1600 237 1638 nerra
251 1581 325 1640 sunt:
346 1601 410 1639 nam
426 1599 577 1639 extremum
592 1581 716 1651 exitium,
737 1581 840 1637 interea
854 1600 895 1637 va·

168 1661 215 1720 riis
237 1661 337 1720 casibus
359 1663 433 1732 torti,
460 1662 597 1719 decimum
618 1661 647 1716 in
668 1680 770 1717 annum
791 1659 895 1719 distule·

167 1756 242 1810 runt,
258 1756 287 1798 ut
299 1742 328 1798 in
341 1756 464 1817 tempore
476 1741 697 1799 memorabimus.
727 1739 742 1796 Ι
744 1739 817 1810 gitur
830 1759 895 1815 prae·

168 1820 284 1876 donibus
304 1821 355 1877 illis
373 1840 430 1877 non
449 1820 497 1877 diu
515 1821 594 1890 laetae,
616 1834 662 1877 aut
683 1819 765 1877 etiam
786 1820 858 1877 inter
875 1818 895 1876 i-

168 1899 229 1974 psos
244 1898 391 1975 tranquillae
406 1919 448 1956 res
459 1899 542 1958 fuere.
572 1899 683 1958 Merum
697 1897 712 1956 ri
727 1899 895 1976 Romanis&

169 1977 275 2052 Pyrrho
299 1992 457 2055 utcumque,
483 1993 580 2055 praeter
604 1979 771 2038 occasronem
794 1993 895 2056 tempo

167 2077 241 2128 xum,
261 2057 424 2116 Mamertini
438 2059 560 2117 societate
575 2059 771 2137 propellebant,
793 2064 820 2116 δι
832 2079 895 2117 con·

167 2138 227 2200 filio
246 2153 354 2196 neutros
371 2139 521 2198 lacessendi.
564 2140 629 2197 Hoe
649 2140 723 2197 enim
742 2139 895 2197 tutiffimum

166 2219 255 2277 visum
274 2239 308 2276 ex
327 2219 508 2296 praesentibus,
529 2220 598 2276 inter
616 2219 690 2276 initia
707 2219 763 2290 sua,
783 2215 895 2277 dum'er

168 2299 286 2357 violenta
306 2299 428 2357 &subita
445 2301 548 2370 origine
565 2318 636 2356 nova
655 2299 749 2357 civitas
766 2299 895 2371 coalescit,

168 2379 297 2437 abstinere
314 2378 386 2436 bello
397 2401 409 2439 :¹
426 2380 501 2456 quod
520 2399 610 2456 neque
627 2378 748 2438 adversus
767 2379 895 2450 regemsc

168 2456 230 2515 turb
248 2458 400 2534 sumpturos
419 2459 470 2516 elle
489 2459 634 2528 videbant3
656 2465 681 2516 δι
701 2462 895 2537 promptiorem

167 2534 305 2612 sperabant
318 2536 333 2593 i
348 2537 478 2595 Romanis
493 2539 610 2609 veniam,
631 2541 651 2597 st
665 2553 760 2596 contra
773 2541 843 2616 ipsos
856 2558 895 2598 ar·

167 2635 215 2674 ma
232 2634 288 2672 non
304 2616 428 2676 tulillent.
472 2619 562 2676 Prima
579 2618 741 2677 dissensronis
762 2621 851 2691 causa,
870 2632 895 2678 ut

167 2696 372 2755 inter-latrones
391 2698 521 2775 oportuit,
542 2718 577 2756 ex
595 2699 686 2776 iniqua
706 2698 839 2758 divisrone
857 2718 895 2757 m·

165 2791 274 2854 ptarum
288 2798 379 2836 rerum
393 2793 452 2836 orta
465 2779 511 2836 est.
553 2779 662 2853 Ejeeius
679 2799 728 2855 per
741 2778 895 2838 seditionem

167 2856 273 2916 Decius
295 2859 445 2917 Messanam
466 2857 604 2928 confugit:
630 2859 678 2936 qui
700 2858 802 2931 Rhegii
827 2870 895 2917 eraut

165 2936 279 3009 milites,
299 2937 411 2996 scribam
432 2940 489 3013 ejus
510 2939 555 2996 M.
571 2937 686 2995 Caesrum
708 2939 894 3015 imperatorem

167 3012 299 3095 legerunt.
340 3018 447 3084 Eodem
468 3019 574 3086 honore
595 3017 714 3104 Decius,
739 3040 826 3100 quum
847 3034 893 3097 pe*
