1956 3736
163 170 353 231 svistrs.
378 169 696 233 L.XIV.L1v1-au.
759 184 799 255 '99

59 321 104 363 nae
116 299 216 378 gratis
230 303 310 382 pondo
323 303 406 361 darem
420 302 522 361 babere.
560 304 639 383 Isque
653 305 726 364 casus
737 314 797 363 'non
807 320 838 368 υ.
849 326 877 372 c,

59 384 179 443 hominis
200 381 296 454 modb,
320 384 365 444 sed
384 384 494 442 familiae
512 383 546 442 ad
565 386 679 456 longum
697 386 796 444 deinde
813 398 872 448 477·

59 479 168 543 tempus
190 463 258 523 fuit:
280 485 331 522 nec
350 480 411 522 ante
426 466 527 524 Sullam
545 466 705 526 distatorem
725 468 795 545 q'uis-
807 455 834 496 A.
848 458 875 500 ⁰·

59 564 192 627 quam-ex
209 565 240 603 ea
253 546 363 604 summis
380 547 529 605 honoribus
547 547 607 605 usus
625 549 671 608 esi.
705 548 797 606 Tanta
814 529 872 580 ²⁷5⁵

59 627 227 706 temporibus
243 626 296 685 istis
310 628 486 703 parcimonia,
507 628 645 706 tantusque
658 630 686 686 in
698 629 796 688 eadem

59 707 167 767 civitate
185 709 274 786 postea
293 710 371 766 luxus
391 708 455 780 suit,¹
474 725 504 766 ut
517 729 578 786 quae
591 710 708 785 supellex
722 712 796 786 apud

59 791 179 869 posteros
207 790 437 866 contemptlffimae
466 791 576 847 vilitatis
602 808 793 860 argumentum
842 826 845 832 ·

59 870 148 930 sutura
170 885 235 941 erat,
257 870 352 928 eadem
373 867 388 925 i
407 869 543 945 prioribus
562 890 612 947 pro
631 870 792 930 intolerabili

59 951 164 1011 luxoria
191 950 373 1009 damnaretur.
416 945 505 1007 Ceiusu
534 948 654 1027 perseslo
681 949 793 1010 lustrum

59 1024 200 1091 conditum
217 1031 269 1090 est:
291 1030 367 1089 censa
381 1029 484 1088 civium
504 1031 590 1107 capita
605 1029 721 1088 ducenta
734 1031 792 1108 sep-

59 1112 178 1185 maginta
195 1132 283 1170 unum
302 1112 397 1182 millia,
419 1111 535 1169 ducenta
553 1110 791 1187 vigintiquatuor.

95 1192 243 1253 XXXIV.
260 1192 295 1249 In
308 1195 382 1250 exitu
392 1193 455 1249 anni
466 1192 558 1250 consul
569 1205 683 1270 uterque
696 1191 792 1249 trium-

59 1272 171 1352 phantes
186 1273 355 1350 Capitolium
374 1272 473 1330 invecti
490 1273 559 1332 sunt.
585 1274 659 1350 prior
673 1272 791 1331 Curius:

60 1354 137 1431 cujus
156 1359 182 1412 st
203 1354 356 1431 triumphus
378 1372 463 1430 quum
481 1353 553 1410 sami
575 1373 677 1425 rerum,
699 1360 726 1415 bc
744 1354 792 1411 lae·

60 1432 113 1494 titii
134 1434 278 1506 successus,
300 1448 360 1492 tum
378 1435 460 1490 etiam
478 1434 617 1510 splendore
635 1454 745 1511 pompae
759 1436 793 1492 il-

60 1515 163 1591 utrius
178 1514 240 1575 suit.
283 1515 361 1573 Nam
379 1515 412 1570 ad
433 1534 493 1571 eam
513 1515 587 1572 diem
605 1535 639 1572 ex
653 1515 748 1572 vicinis
767 1520 794 1571 sc

60 1595 219 1677 pauperibus
244 1596 351 1672 populis
372 1596 400 1650 in
421 1609 549 1670 apparatu
568 1595 699 1670 triumphi
725 1595 793 1651 nihil

60 1676 154 1750 ferme,
175 1675 225 1734 nist
244 1697 317 1734 arma
338 1675 430 1745 fratta,
452 1691 497 1732 aut
517 1688 641 1751 carpenta
663 1673 793 1742 Gallicar

60 1756 201 1837 inpraeda,
215 1755 265 1814 nisr
279 1761 411 1827 greges&
420 1769 555 1828 armenta,
575 1755 655 1813 dubia
666 1755 792 1813 sueram:

60 1852 115 1899 tutu
136 1833 203 1897 verb
225 1841 250 1894 sa
267 1838 393 1894 varietate
416 1838 538 1909 gentium
559 1856 674 1915 quarum
693 1836 793 1913 captivi

60 1933 117 1980 tute
131 1938 243 1977 currum
258 1917 472 1986 ducebantun&
483 1917 628 1996 spoliomm
643 1915 793 1995 pulchritu-

60 2000 120 2061 dine
133 2018 165 2057 ac
176 1998 374 2070 magnificentia
386 1999 498 2056 celebris
508 1998 610 2077 species
619 1999 689 2071 suit:
701 2018 792 2076 quum

60 2080 190 2161 Epirotae,
204 2078 335 2150 Thessali,
353 2080 533 2151 Macedones,
555 2079 651 2153 Apuli,
674 2079 793 2151 Lucani,

60 2152 166 2232 mitrii,
186 2160 271 2217 vinsli
288 2174 349 2217 ante
369 2178 480 2217 currum
499 2175 660 2228 agerentur3
681 2159 792 2233 praeser-

60 2259 150 2303 rentur
168 2254 260 2299 autem
278 2239 375 2298 tabulae
393 2239 484 2317 pista,
505 2238 579 2309 figna
593 2236 729 2296 nobilium
748 2257 790 2294 ar-

60 2323 172 2391 tificum,
193 2338 300 2390 aurum,
320 2340 448 2397 purpura,
469 2334 619 2397 ceteraeque
640 2317 793 2375 transmari:

60 2422 98 2463 ηπ
119 2402 272 2473 elegantiae,
298 2406 324 2459 sc
346 2399 489 2458 Tarentini
509 2400 589 2457 luxfis
607 2400 792 2460 instrumenta.

60 2480 111 2543 ted
129 2482 259 2563 praecipui
272 2479 394 2539 miraculi
412 2482 556 2560 gaudiique
570 2480 748 2559 spestaculum
762 2501 792 2538 e-

60 2561 177 2645 lephanti
195 2561 279 2620 fuere.
300 2582 365 2620 curn
386 2560 447 2639 ipsrs
470 2561 588 2621 turribus
606 2562 658 2621 suis
677 2577 794 2640 quatuor

60 2648 135 2721 [nam
149 2642 246 2721 reliqui
260 2662 295 2701 ex
307 2641 465 2701 vulneribus
479 2643 644 2713 interierant)
661 2657 720 2707 tum
735 2642 794 2719 pri-

60 2722 135 2787 mitm
149 2724 249 2781 Romae
264 2723 312 2782 v'isr
324 2723 400 2781 sunt:
422 2722 519 2794 vulgus
533 2721 548 2778 i
562 2720 674 2780 nomine
687 2720 793 2779 anirna'z

61 2805 90 2864 lis
104 2802 181 2884 quod
199 2803 326 2862 hastenus
341 2802 492 2862 maximum
510 2816 632 2874 noverat,
653 2800 745 2859 &loci
759 2819 794 2858 u·

61 2885 227 2964 biprimbm
246 2884 428 2963 conspexerat,
448 2883 522 2939 boves
543 2879 627 2940 Luras
645 2880 792 2946 vocitabat.

61 2966 183 3026 Alterius
196 2965 310 3025 consulis
328 2983 429 3043 paucos
449 2962 506 3043 post
521 2962 578 3023 dies
596 2962 732 3023 obscurior
744 2964 793 3023 tri-

61 3046 178 3128 umphus
193 3046 256 3107 tuit.-
297 3047 399 3128 Neque
414 3059 506 3188 tamlen
519 3045 560 3106 illi
574 3042 738 3126 preniteude
750 3042 797 3106 'ies

503 3146 519 3188 Ζ
