1956 3736
201 160 258 225 ¹30
350 136 380 224 J.
415 143 781 207 narraturum
851 148 862 157 ‘

103 284 142 349 Β.
152 286 180 334 c.
200 268 314 348 pellatur
325 271 372 344 eli,
386 275 413 342 ,δι
426 270 484 331 Μ’.
495 270 628 332 Otacilius
642 272 679 333 C.
695 273 731 334 1³.
745 267 935 334 tuamens-

117 348 254 421 4292sus.
295 351 343 410 Ab
362 351 405 410 his
426 351 614 430 transportatus
635 354 760 432 prospere
781 355 875 432 copias
894 373 935 414 ea·

105 417 177 528 ᾗς·
201 431 266 491 dem
286 431 315 490 in
335 430 415 490 rebus
434 433 559 504 gerendis
583 433 745 512 prosequuta
763 433 935 494 felicitates.

152 492 176 544 3⁶
201 513 299 589 Quum
312 512 387 570 enim
399 512 594 574 Adranitarurn
608 514 676 591 urbe
690 515 749 592 post
766 515 880 575 brevem
892 515 936 575 ob·

198 591 333 651 fidionem
346 612 396 670 per
407 594 466 652 vim
482 593 571 673 capti,
593 594 789 672 Centuripinos
804 593 935 656 circumi·

198 671 313 744 derent,
341 687 475 734 venerunt
499 675 533 732 ab
555 673 680 734 Alaefinis
705 676 788 747 legati
809 675 936 755 oppidum

197 752 278 812 suum
299 751 440 815 dedentes.
482 753 553 814 Inde
571 754 690 815 consules
711 755 830 815 diversas
853 755 936 815 insule

185 892 189 905 ἱ
197 849 289 913 partes
304 835 443 908 obeundo,
458 833 543 895 modd
558 834 659 909 divisis,
675 833 762 894 modo
776 836 879 913 junslis
892 855 935 895 ex·

187 917 341 990 ‚ercitibua
362 932 393 975 ut
406 936 449 976 res
462 922 488 975 &
504 917 572 976 ratio
591 914 728 988 suadebat,
749 917 844 976 Poenis
858 918 935 995 Syra·

189 997 354 1076 fcusanisque
374 998 480 1077 quoties
499 995 630 1069 congredi
648 1012 723 1056 erant
737 997 793 1055 ausi
813 998 934 1076 profliga-

199 1078 246 1148 tis,
269 1093 401 1138 terrorem
418 1078 572 1156 famamque
588 1075 641 1136 late
661 1076 793 1155 sparsere:
816 1093 933 1156 tantaque

200 1158 338 1217 fortunam
358 1158 525 1237 sequentium
544 1157 669 1230 facilitas,
691 1157 832 1236 tantusque
851 1159 932 1237 impe·

199 1251 245 1296 tus
258 1239 321 1311 suit,
342 1254 372 1296 ut
386 1238 467 1316 paulo
487 1237 547 1315 post
565 1237 666 1315 oppida
682 1237 756 1296 haud
769 1238 864 1297 minias
880 1240 933 1316 sep·

192 1333 258 1383 ¹tem
279 1317 460 1389 &sexaginta
480 1332 697 1389 numerarentur,
721 1338 785 1396 qua:
806 1319 932 1378 Romana

94 1420 98 1435 ¹
191 1397 263 1471 ¹fidei
278 1397 303 1456 se
317 1398 508 1474 permiserant:
530 1418 587 1476 quo
606 1398 635 1457 in
649 1418 765 1458 numero
780 1398 931 1460 Taurome-

199 1478 762 1637 mtqptpqploqtgnspeiqqnqplqspsigttgergffi'
784 1579 848 1639 quae
862 1559 929 1618 vole·

194 1641 277 1713 Abanr,
298 1640 404 1699 auxiliis
423 1640 547 1719 quotidie
564 1640 719 1712 validiores,
740 1638 775 1698 ad
795 1641 864 1718 ipsas
880 1642 929 1717 jam

202 1721 342 1797 Syracusas
367 1721 449 1779 castra
471 1740 573 1798 ponere
594 1720 653 1778 sunt
675 1720 741 1793 aufi,
769 1720 929 1781 obsidionem

201 1801 276 1858 urbis
300 1801 472 1859 meditantes.
515 1800 624 1878 Quibus
643 1801 723 1859 rebus
748 1801 930 1861 animadversis

200 1879 301 1948 Hiero,
323 1899 408 1956 quum
427 1880 479 1936 suis
500 1893 581 1957 atque
597 1881 859 1954 Carthaginiensium
873 1880 928 1940 viri·

120 1953 125 1960 ’
194 1957 249 2029 ‚bus
271 1957 393 2016 diffidere
410 1958 541 2035 coepilset,
562 1975 691 2038 praeterea
708 1961 770 2039 plus
789 1962 863 2040 apud
876 1963 928 2020 Ro

195 2059 296 2100 manos
306 2039 357 2098 csse
370 2038 435 2098 fidei
449 2038 581 2114 crederet,
602 2042 749 2102 amicitiam
763 2048 790 2101 δι
804 2043 859 2122 ipse
872 2060 928 2101 cum

197 2121 333 2180 Romanis
349 2121 417 2180 inire
432 2121 587 2181 constituit:
608 2121 762 2200 legatosque
775 2143 841 2183 cum
858 2141 927 2182 man-

193 2203 269 2265 ‚datis
294 2203 329 2261 de
356 2223 422 2281 pace
445 2203 636 2280 componenda
656 2202 692 2261 ad
712 2203 835 2263 consules
854 2202 926 2263 misit

196 2284 303 2362 Neque
321 2284 454 2342 Romanis
474 2282 627 2360 displicebat
642 2285 797 2342 Hieronem
818 2283 834 2343 i
851 2284 925 2343 socie·

197 2380 253 2425 ‚tate
269 2365 368 2422 Punica
387 2364 551 2441 disjungere,
572 2362 692 2422 maxime
705 2378 736 2422 nt
757 2384 801 2423 res
815 2383 927 2424 mona·

197 2447 237 2502 ria
249 2445 299 2502 suis
314 2444 467 2516 legionibus
481 2443 632 2521 expeditior
645 2444 718 2504 esset.
739 2464 805 2503 narn
819 2445 925 2504 Cartha·

198 2524 360 2596 mensibus
374 2543 448 2583 mare
463 2524 645 2583 obtinentibus
660 2544 695 2583 ex
710 2525 789 2599 Italia
804 2522 925 2585 transvehi

121 2634 130 2673 ;
196 2618 368 2669 commeatus
385 2605 552 2683 nequibant:
574 2611 600 2663 δι
613 2603 648 2663 ab
665 2624 697 2664 ea
710 2626 741 2663 re
758 2606 857 2684 prioris
870 2602 924 2665 anui

197 2684 291 2764 consul
314 2685 375 2764 plus
395 2685 612 2764 propemodum,
640 2683 723 2764 quim
745 2687 780 2745 ab
802 2687 922 2756 hostibus,

197 2767 368 2829 incommodi
388 2766 569 2844 molestiaque
594 2766 763 2845 persenserat.
807 2768 922 2828 Hierone

197 2846 264 2906 verb
276 2847 416 2924 adjunslo,
431 2847 624 2926 Syracusanum
637 2857 764 2920 reustum,
786 2842 920 2919 abundanti

196 2927 308 3001 frugum
327 2929 416 3006 coplas,
437 2948 481 2990 res
501 2927 654 2991 necessarias
672 2927 808 2992 Romanis
823 2925 918 3009 ,affatio

194 3019 250 3067 erat
263 3009 450 3086 praebiturum.
