1956 3736
208 142 477 207 rrsrrrrrrrr.
507 142 669 204 Lrvrrrr.
765 166 800 226 71

372 458 409 518 L.
430 457 511 516 XLI.

77 605 114 680 [ι.
160 604 220 661 Am
239 618 288 678 per
302 614 398 658 omnes
417 600 490 658 orbis
508 616 639 659 terrarum
658 617 746 679 parter
761 606 840 662 vi-1h
854 628 893 674 4¹·

180 682 273 740 stricia
296 681 413 758 populus
439 682 579 739 Romanus
603 682 803 744 circumtulerat
843 694 865 729 ¹·

78 784 159 834 arma,
188 761 336 838 diffitasque
358 761 453 837 procul
469 766 500 819 «δε
520 762 648 837 sejundas
670 782 726 819 non
746 784 802 823 uno

78 844 137 901 mari
155 842 282 912 regiones
298 839 380 909 longe
393 840 499 916 lateque
517 841 673 919 pervaserat.
708 844 761 900 Sed
774 845 803 903 in

78 937 142 980 tanta
160 921 305 979 fluentium
325 939 360 977 ex
373 935 438 976 voto
458 941 548 978 rerum
566 920 692 978 felicitate
708 924 804 999 mode3

78 1003 181 1061 rationis
200 1015 292 1059 tamen
307 999 420 1075 adeptus
435 999 554 1072 laudem,
576 1001 731 1058 audoritate
745 1022 804 1059 ma-

79 1083 111 1152 gis
123 1081 209 1162 quim
223 1080 339 1156 imperio
354 1079 484 1156 pollebat:
502 1080 608 1158 &apud
622 1095 724 1139 exterae
739 1101 805 1152 gen-

80 1176 111 1221 tes
128 1163 209 1240 plura
227 1159 350 1230 consilio,
370 1157 452 1236 quim
467 1161 494 1216 vi
511 1165 651 1218 &terrore
669 1181 762 1230 gerere
780 1163 807 1220 se

80 1243 247 1313 gloriabatur.
282 1240 325 1317 In·
336 1238 455 1296 devidos
474 1242 598 1316 populos·
608 1240 734 1319 regesque
749 1262 805 1300 non

80 1323 196 1393 acerbus,
223 1318 367 1377 munificus
386 1339 449 1390 erga
469 1320 564 1389 socios,
590 1321 637 1378 fibi
658 1321 743 1379 solum
764 1324 804 1379 vi·

80 1403 165 1460 doriae
185 1399 273 1458 decus
294 1411 436 1476 appetens,
462 1399 533 1456 suam
556 1401 663 1470 regibus
686 1403 805 1476 majesta·

80 1496 139 1553 tem,
160 1479 283 1558 populis,
304 1479 348 1535 vel
360 1480 389 1535 in
402 1498 492 1556 aequo,
513 1480 557 1536 vel
572 1481 653 1537 etiam
668 1483 696 1537 in
710 1482 806 1558 impari

80 1562 189 1631 foedere,
211 1559 270 1616 suas
289 1573 380 1616 tamen
398 1556 480 1630 leges,
501 1559 545 1616 sua
563 1560 624 1633 jura
642 1560 807 1620 libertatem·

80 1659 125 1718 que
135 1642 304 1698 servaverat:
325 1651 406 1715 atque
419 1638 487 1696 adeo
501 1640 582 1696 armis
595 1654 736 1716 utramque
750 1661 808 1699 ma·

80 1723 110 1780 rir
124 1718 324 1780 Mediterranei
337 1737 413 1775 oram
426 1717 440 1776 ἒ
455 1717 581 1775 Gadibus
597 1718 631 1776 ad
646 1719 808 1794 Syrirm'us·

80 1821 126 1879 qae
144 1797 320 1876 complexus,
341 1803 368 1854 dr
384 1818 433 1876 per
451 1795 596 1856 immensos
610 1813 739 1856 terrarum
754 1813 807 1859 tra·

80 1882 131 1940 dur
145 1878 298 1939 reverentii
313 1879 419 1935 nomini
433 1879 560 1936 Romano
577 1879 726 1950 conciliari,
748 1879 807 1940 sub-

80 1960 160 2035 jedos
175 1974 268 2018 tamen
279 1957 377 2014 ditioni
388 1957 457 2015 solos
465 1959 585 2017 habebat
597 1960 703 2030 Siciliae,
718 1965 743 2017 δι
755 1963 809 2020 cir-

82 2040 273 2116 cumjeerarum
288 2032 374 2095 Italiae
389 2038 581 2116 insularum&
595 2040 730 2117 pleraeque
745 2042 809 2098 His·

82 2121 174 2195 pmiae,
187 2120 288 2195 jugum
300 2130 390 2175 tamen
403 2117 525 2176 nondum
536 2118 619 2174 docili
630 2117 738 2175 ferentis
751 2140 810 2176 cer-

82 2199 152 2272 rice,
176 2197 303 2276 populos.
344 2197 486 2268 Augendae
507 2197 685 2254 dominationi
707 2197 811 2256 caussm

63 2349 67 2360 Ι
83 2280 273 2356 materiamque
292 2276 405 2354 praebuit
423 2276 513 2353 potiris
532 2274 678 2331 inconsulta
695 2275 812 2335 hostium

83 2362 105 2415 iz
128 2359 293 2416 aemulorum
318 2357 447 2434 pravitas,
476 2353 557 2433 quim
582 2353 660 2431 ipsius
687 2354 809 2416 ambitio.

85 2436 166 2497 Persei
183 2437 213 2494 in
234 2437 328 2514 primis
347 2436 519 2494 Macedonia:
535 2454 651 2512 regnum
672 2455 721 2512 per
739 2435 810 2492 frau-

84 2516 144 2575 dem
163 2538 194 2575 ac
210 2517 294 2574 scelus
311 2516 401 2593 adepti
411 2515 557 2573 >crudelitas
573 2517 601 2572 in
621 2515 763 2594 populares
779 2535 811 2575 ο,

85 2598 190 2655 mnibus
206 2595 299 2666 invisa,
319 2597 412 2654 vesana
428 2597 496 2654 inter
514 2596 655 2654 immensas
669 2617 733 2672 oper
748 2601 810 2653 ava·

85 2677 150 2749 ritia,
172 2674 364 2734 inconsiderata
384 2676 413 2732 in
433 2675 569 2752 capiendis
588 2675 812 2752 exsequendisque

85 2757 198 2814 consiliis
212 2755 316 2826 levitas,
337 2760 362 2812 δε
376 2756 452 2812 illum
467 2752 679 2830 pessumdedere,
700 2758 812 2828 &quae·

85 2853 189 2913 cunque
209 2837 291 2893 stante
307 2835 360 2892 hoc
379 2835 515 2910 praecipuo
534 2833 666 2888 Romanae
685 2831 813 2908 potentiae

86 2915 156 2974 velut
169 2915 247 2973 freno
260 2916 326 2972 stare
339 2928 473 2991 poterant.
509 2911 684 2970 Redundavit
697 2911 770 2970 enim
783 2914 813 2972 in

30 3054 32 3059 ,
85 2993 149 3057 dior
161 2996 220 3072 ejus
231 2994 316 3068 casus,
330 3013 380 3060 nec
390 2993 569 3055 finitimorum
580 2990 695 3069 tantini,
707 2991 753 3055 sed
762 3013 812 3056 eo-
