<?xml version="1.0" encoding="UTF-8"?>
<!DOCTYPE html PUBLIC "-//W3C//DTD XHTML 1.0 Transitional//EN"
    "http://www.w3.org/TR/xhtml1/DTD/xhtml1-transitional.dtd">
<html xmlns="http://www.w3.org/1999/xhtml" xml:lang="en" lang="en">
 <head>
  <title>
</title>
<meta http-equiv="Content-Type" content="text/html;charset=utf-8" />
  <meta name='ocr-system' content='tesseract 3.04.00' />
  <meta name='ocr-capabilities' content='ocr_page ocr_carea ocr_par ocr_line ocrx_word'/>
</head>
<body>
  <div class='ocr_page' id='page_1' title='image "./appendixliviana00livygoog_0413.png"; bbox 0 0 1956 3736; ppageno 0'>
   <div class='ocr_carea' id='block_1_1' title="bbox 195 132 777 211">
    <p class='ocr_par' dir='ltr' id='par_1_1' title="bbox 195 132 777 211">
     <span class='ocr_line' id='line_1_1' title="bbox 195 132 777 211; baseline -0.01 -17"><span class='ocrx_word' id='word_1_1' title='bbox 195 137 254 211; x_wconf 83' lang='lat'><strong>278</strong></span> <span class='ocrx_word' id='word_1_2' title='bbox 349 132 777 210; x_wconf 69' lang='grc' dir='ltr'><strong>].Ι·ἰεικειιεκιι</strong></span> 
     </span>
    </p>
   </div>
   <div class='ocr_carea' id='block_1_2' title="bbox 99 256 927 2768">
    <p class='ocr_par' dir='ltr' id='par_1_2' title="bbox 99 256 923 336">
     <span class='ocr_line' id='line_1_2' title="bbox 99 256 923 336; baseline -0.011 -15"><span class='ocrx_word' id='word_1_3' title='bbox 99 285 134 334; x_wconf 76' lang='grc' dir='ltr'><strong>υ,</strong></span> <span class='ocrx_word' id='word_1_4' title='bbox 144 290 172 336; x_wconf 65' lang='grc' dir='ltr'><strong>ς,</strong></span> <span class='ocrx_word' id='word_1_5' title='bbox 194 283 251 321; x_wconf 89' lang='lat' dir='ltr'><strong>non</strong></span> <span class='ocrx_word' id='word_1_6' title='bbox 265 261 403 332; x_wconf 77' lang='lat' dir='ltr'><strong>indignam</strong></span> <span class='ocrx_word' id='word_1_7' title='bbox 417 278 478 336; x_wconf 84' lang='lat' dir='ltr'><strong>quae</strong></span> <span class='ocrx_word' id='word_1_8' title='bbox 493 257 633 318; x_wconf 86' lang='lat' dir='ltr'><strong>referatur.</strong></span> <span class='ocrx_word' id='word_1_9' title='bbox 667 258 830 317; x_wconf 76' lang='lat' dir='ltr'><strong>Diuortium</strong></span> <span class='ocrx_word' id='word_1_10' title='bbox 843 256 874 316; x_wconf 87' lang='lat' dir='ltr'><strong>ab</strong></span> <span class='ocrx_word' id='word_1_11' title='bbox 884 272 923 313; x_wconf 92' lang='lat' dir='ltr'><strong>ur·</strong></span> 
     </span>
    </p>

    <p class='ocr_par' dir='ltr' id='par_1_3' title="bbox 111 338 924 416">
     <span class='ocr_line' id='line_1_3' title="bbox 111 338 924 416; baseline -0.005 -18"><span class='ocrx_word' id='word_1_12' title='bbox 111 365 169 411; x_wconf 79' lang='lat'><strong>521.</strong></span> <span class='ocrx_word' id='word_1_13' title='bbox 195 344 229 402; x_wconf 94' lang='lat' dir='ltr'><strong>be</strong></span> <span class='ocrx_word' id='word_1_14' title='bbox 244 342 352 401; x_wconf 84' lang='lat' dir='ltr'><strong>condita</strong></span> <span class='ocrx_word' id='word_1_15' title='bbox 369 340 474 397; x_wconf 88' lang='lat' dir='ltr'><strong>nullum</strong></span> <span class='ocrx_word' id='word_1_16' title='bbox 489 338 585 396; x_wconf 83' lang='lat' dir='ltr'><strong>suerat.</strong></span> <span class='ocrx_word' id='word_1_17' title='bbox 621 339 727 397; x_wconf 80' lang='lat' dir='ltr'>Primus</span> <span class='ocrx_word' id='word_1_18' title='bbox 744 341 790 416; x_wconf 91' lang='lat' dir='ltr'><strong>Sp.</strong></span> <span class='ocrx_word' id='word_1_19' title='bbox 800 339 924 398; x_wconf 78' lang='lat' dir='ltr'><strong>Carvilius</strong></span> 
     </span>
    </p>

    <p class='ocr_par' dir='ltr' id='par_1_4' title="bbox 101 417 923 497">
     <span class='ocr_line' id='line_1_4' title="bbox 101 417 923 497; baseline -0.009 -14"><span class='ocrx_word' id='word_1_20' title='bbox 101 419 169 464; x_wconf 63' lang='grc' dir='ltr'><strong>Μ·</strong></span> <span class='ocrx_word' id='word_1_21' title='bbox 195 425 274 495; x_wconf 79' lang='lat' dir='ltr'><strong>Ruga</strong></span> <span class='ocrx_word' id='word_1_22' title='bbox 297 421 411 479; x_wconf 85' lang='lat' dir='ltr'><strong>sterilem</strong></span> <span class='ocrx_word' id='word_1_23' title='bbox 436 439 552 478; x_wconf 82' lang='lat' dir='ltr'><strong>uxorem</strong></span> <span class='ocrx_word' id='word_1_24' title='bbox 579 419 704 496; x_wconf 52' lang='lat' dir='ltr'><strong>dimisit„</strong></span> <span class='ocrx_word' id='word_1_25' title='bbox 718 417 923 497; x_wconf 78' lang='lat' dir='ltr'><strong>jurejurandol</strong></span> 
     </span>
    </p>

    <p class='ocr_par' dir='ltr' id='par_1_5' title="bbox 110 493 923 577">
     <span class='ocr_line' id='line_1_5' title="bbox 110 493 923 577; baseline -0.007 -15"><span class='ocrx_word' id='word_1_26' title='bbox 110 493 168 544; x_wconf 81' lang='lat'><strong>²³¹·</strong></span> <span class='ocrx_word' id='word_1_27' title='bbox 193 502 344 563; x_wconf 72' lang='lat' dir='ltr'>censoribus</span> <span class='ocrx_word' id='word_1_28' title='bbox 365 501 516 570; x_wconf 74' lang='lat' dir='ltr'><strong>obstrielus,</strong></span> <span class='ocrx_word' id='word_1_29' title='bbox 529 499 562 574; x_wconf 83' lang='lat' dir='ltr'><strong>se</strong></span> <span class='ocrx_word' id='word_1_30' title='bbox 579 501 719 558; x_wconf 76' lang='lat' dir='ltr'><strong>liberorum</strong></span> <span class='ocrx_word' id='word_1_31' title='bbox 736 502 923 577; x_wconf 69' lang='lat' dir='ltr'><em>querendarum</em></span> 
     </span>
    </p>

    <p class='ocr_par' dir='ltr' id='par_1_6' title="bbox 192 580 924 660">
     <span class='ocr_line' id='line_1_6' title="bbox 192 580 924 660; baseline -0.005 -19"><span class='ocrx_word' id='word_1_32' title='bbox 192 581 271 658; x_wconf 68' lang='lat' dir='ltr'><strong>cossa*</strong></span> <span class='ocrx_word' id='word_1_33' title='bbox 284 583 413 660; x_wconf 76' lang='lat' dir='ltr'><strong>conjugem</strong></span> <span class='ocrx_word' id='word_1_34' title='bbox 424 581 585 639; x_wconf 77' lang='lat' dir='ltr'><strong>habiturum.</strong></span> <span class='ocrx_word' id='word_1_35' title='bbox 599 580 745 659; x_wconf 85' lang='lat' dir='ltr'><strong>Displicuit</strong></span> <span class='ocrx_word' id='word_1_36' title='bbox 759 584 863 659; x_wconf 90' lang='lat' dir='ltr'><strong>populo</strong></span> <span class='ocrx_word' id='word_1_37' title='bbox 877 600 924 639; x_wconf 89' lang='lat' dir='ltr'><strong>non</strong></span> 
     </span>
    </p>

    <p class='ocr_par' dir='ltr' id='par_1_7' title="bbox 191 660 924 740">
     <span class='ocr_line' id='line_1_7' title="bbox 191 660 924 740; baseline -0.004 -18"><span class='ocrx_word' id='word_1_38' title='bbox 191 665 279 734; x_wconf 76' lang='lat' dir='ltr'><strong>magis</strong></span> <span class='ocrx_word' id='word_1_39' title='bbox 293 664 411 733; x_wconf 84' lang='lat' dir='ltr'><strong>novitas,</strong></span> <span class='ocrx_word' id='word_1_40' title='bbox 428 660 510 740; x_wconf 72' lang='lat' dir='ltr'><strong>quim</strong></span> <span class='ocrx_word' id='word_1_41' title='bbox 525 662 650 720; x_wconf 77' lang='lat' dir='ltr'>atrocitas</span> <span class='ocrx_word' id='word_1_42' title='bbox 664 661 716 734; x_wconf 87' lang='lat' dir='ltr'><strong>rei,</strong></span> <span class='ocrx_word' id='word_1_43' title='bbox 729 660 806 740; x_wconf 82' lang='lat' dir='ltr'><strong>qudd</strong></span> <span class='ocrx_word' id='word_1_44' title='bbox 821 663 856 720; x_wconf 89' lang='lat' dir='ltr'><strong>ad</strong></span> <span class='ocrx_word' id='word_1_45' title='bbox 870 682 924 740; x_wconf 89' lang='lat' dir='ltr'><strong>per-</strong></span> 
     </span>
    </p>

    <p class='ocr_par' dir='ltr' id='par_1_8' title="bbox 191 743 924 821">
     <span class='ocr_line' id='line_1_8' title="bbox 191 743 924 821; baseline -0.005 -18"><span class='ocrx_word' id='word_1_46' title='bbox 191 759 303 821; x_wconf 86' lang='lat' dir='ltr'><strong>petuam</strong></span> <span class='ocrx_word' id='word_1_47' title='bbox 315 744 380 801; x_wconf 86' lang='lat' dir='ltr'><strong>vitae</strong></span> <span class='ocrx_word' id='word_1_48' title='bbox 394 744 547 802; x_wconf 87' lang='lat' dir='ltr'><strong>societatem</strong></span> <span class='ocrx_word' id='word_1_49' title='bbox 556 743 661 818; x_wconf 68' lang='lat' dir='ltr'><strong>jundlas</strong></span> <span class='ocrx_word' id='word_1_50' title='bbox 676 762 787 815; x_wconf 82' lang='lat' dir='ltr'><strong>uxores,</strong></span> <span class='ocrx_word' id='word_1_51' title='bbox 801 763 924 821; x_wconf 88' lang='lat' dir='ltr'><strong>quacum·</strong></span> 
     </span>
    </p>

    <p class='ocr_par' dir='ltr' id='par_1_9' title="bbox 192 823 924 903">
     <span class='ocr_line' id='line_1_9' title="bbox 192 823 924 903; baseline -0.005 -19"><span class='ocrx_word' id='word_1_52' title='bbox 192 845 247 903; x_wconf 84' lang='lat' dir='ltr'><strong>qne</strong></span> <span class='ocrx_word' id='word_1_53' title='bbox 261 825 297 884; x_wconf 93' lang='lat' dir='ltr'><strong>de</strong></span> <span class='ocrx_word' id='word_1_54' title='bbox 314 824 390 884; x_wconf 77' lang='lat' dir='ltr'><strong>eausa</strong></span> <span class='ocrx_word' id='word_1_55' title='bbox 404 823 539 900; x_wconf 87' lang='lat' dir='ltr'><strong>repudiari</strong></span> <span class='ocrx_word' id='word_1_56' title='bbox 553 823 653 880; x_wconf 80' lang='lat' dir='ltr'><strong>saevum</strong></span> <span class='ocrx_word' id='word_1_57' title='bbox 668 828 694 880; x_wconf 74' lang='lat' dir='ltr'><strong>ts</strong></span> <span class='ocrx_word' id='word_1_58' title='bbox 707 823 834 902; x_wconf 88' lang='lat' dir='ltr'><strong>iniquum</strong></span> <span class='ocrx_word' id='word_1_59' title='bbox 855 838 924 901; x_wconf 88' lang='lat' dir='ltr'><strong>puta·</strong></span> 
     </span>
    </p>

    <p class='ocr_par' dir='ltr' id='par_1_10' title="bbox 192 901 924 985">
     <span class='ocr_line' id='line_1_10' title="bbox 192 901 924 985; baseline -0.003 -20"><span class='ocrx_word' id='word_1_60' title='bbox 192 904 256 965; x_wconf 83' lang='lat' dir='ltr'><strong>bat:</strong></span> <span class='ocrx_word' id='word_1_61' title='bbox 278 912 304 964; x_wconf 75' lang='lat' dir='ltr'><strong>ds</strong></span> <span class='ocrx_word' id='word_1_62' title='bbox 319 907 366 985; x_wconf 89' lang='lat' dir='ltr'><strong>Sp.</strong></span> <span class='ocrx_word' id='word_1_63' title='bbox 380 904 529 965; x_wconf 85' lang='lat' dir='ltr'><strong>Carvilium</strong></span> <span class='ocrx_word' id='word_1_64' title='bbox 544 903 647 980; x_wconf 84' lang='lat' dir='ltr'>semper</span> <span class='ocrx_word' id='word_1_65' title='bbox 659 901 790 982; x_wconf 85' lang='lat' dir='ltr'>deinceps</span> <span class='ocrx_word' id='word_1_66' title='bbox 803 905 869 963; x_wconf 90' lang='lat' dir='ltr'><strong>odio</strong></span> <span class='ocrx_word' id='word_1_67' title='bbox 883 905 924 962; x_wconf 79' lang='lat' dir='ltr'><strong>ha·</strong></span> 
     </span>
    </p>

    <p class='ocr_par' dir='ltr' id='par_1_11' title="bbox 192 985 924 1065">
     <span class='ocr_line' id='line_1_11' title="bbox 192 985 924 1065; baseline -0.004 -19"><span class='ocrx_word' id='word_1_68' title='bbox 192 987 264 1059; x_wconf 87' lang='lat' dir='ltr'><strong>buit,</strong></span> <span class='ocrx_word' id='word_1_69' title='bbox 284 1002 439 1065; x_wconf 78' lang='lat' dir='ltr'><strong>quanquam</strong></span> <span class='ocrx_word' id='word_1_70' title='bbox 458 985 606 1043; x_wconf 85' lang='lat' dir='ltr'><strong>neceffitate</strong></span> <span class='ocrx_word' id='word_1_71' title='bbox 625 985 746 1055; x_wconf 74' lang='lat' dir='ltr'><strong>coaetus,</strong></span> <span class='ocrx_word' id='word_1_72' title='bbox 771 985 808 1044; x_wconf 89' lang='lat' dir='ltr'><strong>de</strong></span> <span class='ocrx_word' id='word_1_73' title='bbox 829 988 924 1045; x_wconf 87' lang='lat' dir='ltr'><strong>amico·</strong></span> 
     </span>
    </p>

    <p class='ocr_par' dir='ltr' id='par_1_12' title="bbox 193 1066 925 1138">
     <span class='ocr_line' id='line_1_12' title="bbox 193 1066 925 1138; baseline -0.001 -12"><span class='ocrx_word' id='word_1_74' title='bbox 193 1088 257 1126; x_wconf 86' lang='lat' dir='ltr'><strong>tum</strong></span> <span class='ocrx_word' id='word_1_75' title='bbox 269 1068 407 1137; x_wconf 87' lang='lat' dir='ltr'><strong>sententia,</strong></span> <span class='ocrx_word' id='word_1_76' title='bbox 422 1084 536 1126; x_wconf 85' lang='lat' dir='ltr'><strong>uxorem</strong></span> <span class='ocrx_word' id='word_1_77' title='bbox 550 1066 619 1124; x_wconf 91' lang='lat' dir='ltr'><strong>bene</strong></span> <span class='ocrx_word' id='word_1_78' title='bbox 633 1068 856 1138; x_wconf 86' lang='lat' dir='ltr'><strong>convenientem,</strong></span> <span class='ocrx_word' id='word_1_79' title='bbox 871 1087 925 1125; x_wconf 87' lang='lat' dir='ltr'><strong>mo·</strong></span> 
     </span>
    </p>

    <p class='ocr_par' dir='ltr' id='par_1_13' title="bbox 193 1145 926 1226">
     <span class='ocr_line' id='line_1_13' title="bbox 193 1145 926 1226; baseline -0.001 -18"><span class='ocrx_word' id='word_1_80' title='bbox 193 1169 311 1226; x_wconf 84' lang='lat' dir='ltr'><strong>rumque</strong></span> <span class='ocrx_word' id='word_1_81' title='bbox 325 1149 409 1222; x_wconf 73' lang='lat' dir='ltr'><strong>gratii</strong></span> <span class='ocrx_word' id='word_1_82' title='bbox 420 1147 576 1204; x_wconf 83' lang='lat' dir='ltr'><strong>cariffimam</strong></span> <span class='ocrx_word' id='word_1_83' title='bbox 589 1145 734 1206; x_wconf 79' lang='lat' dir='ltr'>dimiserat.</span> <span class='ocrx_word' id='word_1_84' title='bbox 757 1147 802 1205; x_wconf 82' lang='lat' dir='ltr'><strong>Ex</strong></span> <span class='ocrx_word' id='word_1_85' title='bbox 815 1168 850 1206; x_wconf 93' lang='lat' dir='ltr'><strong>eo</strong></span> <span class='ocrx_word' id='word_1_86' title='bbox 863 1165 926 1207; x_wconf 89' lang='lat' dir='ltr'><strong>tem·</strong></span> 
     </span>
    </p>

    <p class='ocr_par' dir='ltr' id='par_1_14' title="bbox 124 1226 927 1305">
     <span class='ocr_line' id='line_1_14' title="bbox 124 1226 927 1305; baseline -0.001 -18"><span class='ocrx_word' id='word_1_87' title='bbox 124 1234 132 1247; x_wconf 86' lang='lat'><strong><em>‘</em></strong></span> <span class='ocrx_word' id='word_1_88' title='bbox 233 1247 262 1287; x_wconf 92' lang='lat' dir='ltr'><strong>re</strong></span> <span class='ocrx_word' id='word_1_89' title='bbox 276 1229 335 1305; x_wconf 89' lang='lat' dir='ltr'><strong>plus</strong></span> <span class='ocrx_word' id='word_1_90' title='bbox 350 1231 379 1286; x_wconf 91' lang='lat' dir='ltr'><strong>in</strong></span> <span class='ocrx_word' id='word_1_91' title='bbox 392 1229 453 1303; x_wconf 89' lang='lat' dir='ltr'><strong>jure</strong></span> <span class='ocrx_word' id='word_1_92' title='bbox 467 1247 599 1298; x_wconf 88' lang='lat' dir='ltr'><strong>nexuum,</strong></span> <span class='ocrx_word' id='word_1_93' title='bbox 619 1226 681 1304; x_wconf 91' lang='lat' dir='ltr'><strong>plus</strong></span> <span class='ocrx_word' id='word_1_94' title='bbox 698 1226 773 1304; x_wconf 91' lang='lat' dir='ltr'><strong>apud</strong></span> <span class='ocrx_word' id='word_1_95' title='bbox 788 1244 927 1305; x_wconf 87' lang='lat' dir='ltr'><strong>praetorem</strong></span> 
     </span>
    </p>

    <p class='ocr_par' dir='ltr' id='par_1_15' title="bbox 206 1306 926 1384">
     <span class='ocr_line' id='line_1_15' title="bbox 206 1306 926 1384; baseline 0.004 -18"><span class='ocrx_word' id='word_1_96' title='bbox 206 1309 284 1367; x_wconf 84' lang='lat' dir='ltr'><strong>isium</strong></span> <span class='ocrx_word' id='word_1_97' title='bbox 299 1309 362 1381; x_wconf 88' lang='lat' dir='ltr'><strong>suit,</strong></span> <span class='ocrx_word' id='word_1_98' title='bbox 383 1322 443 1366; x_wconf 87' lang='lat' dir='ltr'><strong>tum</strong></span> <span class='ocrx_word' id='word_1_99' title='bbox 458 1306 579 1384; x_wconf 74' lang='lat' dir='ltr'><strong>primum</strong></span> <span class='ocrx_word' id='word_1_100' title='bbox 592 1307 763 1366; x_wconf 76' lang='lat' dir='ltr'><strong>cautionibus</strong></span> <span class='ocrx_word' id='word_1_101' title='bbox 776 1309 818 1369; x_wconf 87' lang='lat' dir='ltr'><strong>rei</strong></span> <span class='ocrx_word' id='word_1_102' title='bbox 831 1311 926 1369; x_wconf 71' lang='lat' dir='ltr'><strong>uxoris</strong></span> 
     </span>
    </p>

    <p class='ocr_par' dir='ltr' id='par_1_16' title="bbox 192 1387 926 1532">
     <span class='ocr_line' id='line_1_16' title="bbox 194 1387 926 1471; baseline 0.004 -23"><span class='ocrx_word' id='word_1_103' title='bbox 194 1391 318 1466; x_wconf 85' lang='lat' dir='ltr'><strong>repertis,</strong></span> <span class='ocrx_word' id='word_1_104' title='bbox 338 1408 465 1467; x_wconf 88' lang='lat' dir='ltr'><strong>quarum,</strong></span> <span class='ocrx_word' id='word_1_105' title='bbox 486 1387 567 1446; x_wconf 86' lang='lat' dir='ltr'><strong>nullis</strong></span> <span class='ocrx_word' id='word_1_106' title='bbox 588 1401 666 1448; x_wconf 80' lang='lat' dir='ltr'><strong>antes</strong></span> <span class='ocrx_word' id='word_1_107' title='bbox 683 1387 822 1464; x_wconf 86' lang='lat' dir='ltr'><strong>divortiis,</strong></span> <span class='ocrx_word' id='word_1_108' title='bbox 843 1391 926 1471; x_wconf 84' lang='lat' dir='ltr'><strong>super·</strong></span> 
     </span>
     <span class='ocr_line' id='line_1_17' title="bbox 192 1469 563 1532; baseline -0.003 -1"><span class='ocrx_word' id='word_1_109' title='bbox 192 1490 309 1532; x_wconf 78' lang='lat' dir='ltr'><strong>uecanea</strong></span> <span class='ocrx_word' id='word_1_110' title='bbox 322 1470 409 1529; x_wconf 80' lang='lat' dir='ltr'><strong>fuerat</strong></span> <span class='ocrx_word' id='word_1_111' title='bbox 422 1469 563 1530; x_wconf 78' lang='lat' dir='ltr'><strong>calliditas.</strong></span> 
     </span>
    </p>

    <p class='ocr_par' dir='ltr' id='par_1_17' title="bbox 191 1550 927 1872">
     <span class='ocr_line' id='line_1_18' title="bbox 234 1550 924 1629; baseline 0.004 -18"><span class='ocrx_word' id='word_1_112' title='bbox 234 1553 334 1611; x_wconf 90' lang='lat' dir='ltr'>XXII.</span> <span class='ocrx_word' id='word_1_113' title='bbox 356 1550 465 1610; x_wconf 87' lang='lat' dir='ltr'><strong>Eodem</strong></span> <span class='ocrx_word' id='word_1_114' title='bbox 484 1570 556 1610; x_wconf 90' lang='lat' dir='ltr'><strong>auno</strong></span> <span class='ocrx_word' id='word_1_115' title='bbox 573 1550 625 1610; x_wconf 83' lang='lat' dir='ltr'><strong>alia</strong></span> <span class='ocrx_word' id='word_1_116' title='bbox 642 1570 753 1629; x_wconf 88' lang='lat' dir='ltr'><strong>quoque</strong></span> <span class='ocrx_word' id='word_1_117' title='bbox 772 1572 848 1614; x_wconf 85' lang='lat' dir='ltr'><strong>nova</strong></span> <span class='ocrx_word' id='word_1_118' title='bbox 865 1574 924 1614; x_wconf 89' lang='lat' dir='ltr'><strong>cou-</strong></span> 
     </span>
     <span class='ocr_line' id='line_1_19' title="bbox 191 1632 927 1713; baseline 0.001 -21"><span class='ocrx_word' id='word_1_119' title='bbox 191 1632 305 1693; x_wconf 74' lang='lat' dir='ltr'><strong>suetudo</strong></span> <span class='ocrx_word' id='word_1_120' title='bbox 318 1634 347 1692; x_wconf 88' lang='lat' dir='ltr'><strong>in</strong></span> <span class='ocrx_word' id='word_1_121' title='bbox 363 1632 512 1692; x_wconf 86' lang='lat' dir='ltr'><strong>honoribus</strong></span> <span class='ocrx_word' id='word_1_122' title='bbox 530 1633 726 1711; x_wconf 85' lang='lat' dir='ltr'><strong>imperatorum</strong></span> <span class='ocrx_word' id='word_1_123' title='bbox 742 1636 840 1713; x_wconf 86' lang='lat' dir='ltr'><strong>coepit.</strong></span> <span class='ocrx_word' id='word_1_124' title='bbox 877 1635 927 1695; x_wconf 87' lang='lat' dir='ltr'><strong>Sub</strong></span> 
     </span>
     <span class='ocr_line' id='line_1_20' title="bbox 191 1712 927 1791; baseline 0.004 -19"><span class='ocrx_word' id='word_1_125' title='bbox 191 1714 276 1773; x_wconf 81' lang='lat' dir='ltr'><strong>finem</strong></span> <span class='ocrx_word' id='word_1_126' title='bbox 301 1713 452 1773; x_wconf 75' lang='lat' dir='ltr'><strong>consulatis</strong></span> <span class='ocrx_word' id='word_1_127' title='bbox 474 1713 513 1772; x_wconf 85' lang='lat' dir='ltr'><strong>sui</strong></span> <span class='ocrx_word' id='word_1_128' title='bbox 534 1713 571 1774; x_wconf 85' lang='lat' dir='ltr'><strong>C.</strong></span> <span class='ocrx_word' id='word_1_129' title='bbox 587 1712 709 1791; x_wconf 84' lang='lat' dir='ltr'><strong>Papisius</strong></span> <span class='ocrx_word' id='word_1_130' title='bbox 730 1714 768 1775; x_wconf 90' lang='lat' dir='ltr'><strong>de</strong></span> <span class='ocrx_word' id='word_1_131' title='bbox 789 1717 879 1777; x_wconf 77' lang='lat' dir='ltr'><strong>eorus</strong></span> <span class='ocrx_word' id='word_1_132' title='bbox 902 1718 927 1775; x_wconf 86' lang='lat' dir='ltr'><strong>iu</strong></span> 
     </span>
     <span class='ocr_line' id='line_1_21' title="bbox 191 1794 927 1872; baseline 0.003 -20"><span class='ocrx_word' id='word_1_133' title='bbox 191 1808 287 1852; x_wconf 88' lang='lat' dir='ltr'><strong>monte</strong></span> <span class='ocrx_word' id='word_1_134' title='bbox 302 1795 414 1853; x_wconf 90' lang='lat' dir='ltr'><strong>Albano</strong></span> <span class='ocrx_word' id='word_1_135' title='bbox 431 1794 622 1872; x_wconf 84' lang='lat' dir='ltr'><strong>triumphavit,</strong></span> <span class='ocrx_word' id='word_1_136' title='bbox 644 1794 681 1855; x_wconf 85' lang='lat' dir='ltr'><strong>A.</strong></span> <span class='ocrx_word' id='word_1_137' title='bbox 691 1794 731 1856; x_wconf 92' lang='lat' dir='ltr'><strong>D.</strong></span> <span class='ocrx_word' id='word_1_138' title='bbox 750 1797 811 1856; x_wconf 88' lang='lat' dir='ltr'><strong>III.</strong></span> <span class='ocrx_word' id='word_1_139' title='bbox 833 1797 927 1856; x_wconf 85' lang='lat' dir='ltr'><strong>Nonas</strong></span> 
     </span>
    </p>

    <p class='ocr_par' dir='ltr' id='par_1_18' title="bbox 104 1867 926 1955">
     <span class='ocr_line' id='line_1_22' title="bbox 104 1867 926 1955; baseline 0.001 -22"><span class='ocrx_word' id='word_1_140' title='bbox 104 1867 112 1875; x_wconf 53' lang='lat'>⁵</span> <span class='ocrx_word' id='word_1_141' title='bbox 191 1875 315 1933; x_wconf 88' lang='lat' dir='ltr'><strong>Martias.</strong></span> <span class='ocrx_word' id='word_1_142' title='bbox 338 1875 413 1931; x_wconf 84' lang='lat' dir='ltr'><strong>causa</strong></span> <span class='ocrx_word' id='word_1_143' title='bbox 427 1875 485 1946; x_wconf 90' lang='lat' dir='ltr'><strong>ejus</strong></span> <span class='ocrx_word' id='word_1_144' title='bbox 498 1873 602 1932; x_wconf 79' lang='lat' dir='ltr'><strong>consilii</strong></span> <span class='ocrx_word' id='word_1_145' title='bbox 613 1874 711 1946; x_wconf 76' lang='lat' dir='ltr'><strong>fuerat,</strong></span> <span class='ocrx_word' id='word_1_146' title='bbox 727 1874 804 1954; x_wconf 80' lang='lat' dir='ltr'><strong>qudd</strong></span> <span class='ocrx_word' id='word_1_147' title='bbox 816 1877 869 1955; x_wconf 80' lang='lat' dir='ltr'><strong>ipse</strong></span> <span class='ocrx_word' id='word_1_148' title='bbox 879 1877 926 1936; x_wconf 76' lang='lat' dir='ltr'><strong>subi</strong></span> 
     </span>
    </p>

    <p class='ocr_par' dir='ltr' id='par_1_19' title="bbox 192 1953 927 2038">
     <span class='ocr_line' id='line_1_23' title="bbox 192 1953 927 2038; baseline 0.005 -26"><span class='ocrx_word' id='word_1_149' title='bbox 192 1958 236 2012; x_wconf 86' lang='lat' dir='ltr'><strong>res</strong></span> <span class='ocrx_word' id='word_1_150' title='bbox 255 1954 396 2031; x_wconf 84' lang='lat' dir='ltr'><strong>triumpho</strong></span> <span class='ocrx_word' id='word_1_151' title='bbox 416 1953 513 2025; x_wconf 81' lang='lat' dir='ltr'><strong>dignas</strong></span> <span class='ocrx_word' id='word_1_152' title='bbox 535 1953 635 2026; x_wconf 82' lang='lat' dir='ltr'><strong>gelliffe</strong></span> <span class='ocrx_word' id='word_1_153' title='bbox 654 1956 814 2030; x_wconf 78' lang='lat' dir='ltr'><strong>videbatur,</strong></span> <span class='ocrx_word' id='word_1_154' title='bbox 841 1957 927 2038; x_wconf 70' lang='lat' dir='ltr'><strong>pacati</strong></span> 
     </span>
    </p>

    <p class='ocr_par' dir='ltr' id='par_1_20' title="bbox 191 2033 927 2113">
     <span class='ocr_line' id='line_1_24' title="bbox 191 2033 927 2113; baseline 0.004 -16"><span class='ocrx_word' id='word_1_155' title='bbox 191 2033 303 2097; x_wconf 78' lang='lat' dir='ltr'><strong>andem</strong></span> <span class='ocrx_word' id='word_1_156' title='bbox 316 2033 440 2095; x_wconf 74' lang='lat' dir='ltr'><strong>cortica:</strong></span> <span class='ocrx_word' id='word_1_157' title='bbox 462 2054 551 2113; x_wconf 87' lang='lat' dir='ltr'><strong>neque</strong></span> <span class='ocrx_word' id='word_1_158' title='bbox 565 2035 600 2094; x_wconf 89' lang='lat' dir='ltr'><strong>ab</strong></span> <span class='ocrx_word' id='word_1_159' title='bbox 613 2036 704 2096; x_wconf 87' lang='lat' dir='ltr'><strong>senatu</strong></span> <span class='ocrx_word' id='word_1_160' title='bbox 715 2038 854 2100; x_wconf 87' lang='lat' dir='ltr'><strong>honorem</strong></span> <span class='ocrx_word' id='word_1_161' title='bbox 869 2059 927 2100; x_wconf 88' lang='lat' dir='ltr'><strong>eum</strong></span> 
     </span>
    </p>

    <p class='ocr_par' dir='ltr' id='par_1_21' title="bbox 191 2116 926 2196">
     <span class='ocr_line' id='line_1_25' title="bbox 191 2116 926 2196; baseline 0.005 -20"><span class='ocrx_word' id='word_1_162' title='bbox 191 2116 363 2194; x_wconf 83' lang='lat' dir='ltr'><strong>irnpetrabat.</strong></span> <span class='ocrx_word' id='word_1_163' title='bbox 398 2117 488 2195; x_wconf 92' lang='lat' dir='ltr'><strong>quue</strong></span> <span class='ocrx_word' id='word_1_164' title='bbox 508 2117 638 2195; x_wconf 75' lang='lat' dir='ltr'><strong>deinceps</strong></span> <span class='ocrx_word' id='word_1_165' title='bbox 658 2119 819 2196; x_wconf 79' lang='lat' dir='ltr'><strong>exemplum</strong></span> <span class='ocrx_word' id='word_1_166' title='bbox 839 2122 926 2183; x_wconf 85' lang='lat' dir='ltr'><strong>multis</strong></span> 
     </span>
    </p>

    <p class='ocr_par' dir='ltr' id='par_1_22' title="bbox 191 2198 926 2281">
     <span class='ocr_line' id='line_1_26' title="bbox 191 2198 926 2281; baseline 0.007 -26"><span class='ocrx_word' id='word_1_167' title='bbox 191 2198 228 2256; x_wconf 87' lang='lat' dir='ltr'><strong>sd</strong></span> <span class='ocrx_word' id='word_1_168' title='bbox 242 2198 423 2258; x_wconf 88' lang='lat' dir='ltr'><strong>imitationem</strong></span> <span class='ocrx_word' id='word_1_169' title='bbox 437 2198 548 2276; x_wconf 81' lang='lat' dir='ltr'><strong>placuit,</strong></span> <span class='ocrx_word' id='word_1_170' title='bbox 570 2213 601 2256; x_wconf 88' lang='lat' dir='ltr'><strong>ut</strong></span> <span class='ocrx_word' id='word_1_171' title='bbox 612 2215 711 2270; x_wconf 80' lang='lat' dir='ltr'><strong>negato</strong></span> <span class='ocrx_word' id='word_1_172' title='bbox 725 2201 777 2260; x_wconf 82' lang='lat' dir='ltr'><strong>fibi</strong></span> <span class='ocrx_word' id='word_1_173' title='bbox 791 2203 926 2281; x_wconf 87' lang='lat' dir='ltr'><strong>triumpho</strong></span> 
     </span>
    </p>

    <p class='ocr_par' dir='ltr' id='par_1_23' title="bbox 191 2278 925 2358">
     <span class='ocr_line' id='line_1_27' title="bbox 191 2278 925 2358; baseline 0.005 -21"><span class='ocrx_word' id='word_1_174' title='bbox 191 2278 224 2337; x_wconf 86' lang='lat' dir='ltr'><strong>itt</strong></span> <span class='ocrx_word' id='word_1_175' title='bbox 237 2279 347 2339; x_wconf 86' lang='lat' dir='ltr'><strong>Albano</strong></span> <span class='ocrx_word' id='word_1_176' title='bbox 364 2294 459 2338; x_wconf 90' lang='lat' dir='ltr'><strong>monte</strong></span> <span class='ocrx_word' id='word_1_177' title='bbox 477 2279 684 2356; x_wconf 85' lang='lat' dir='ltr'><strong>triumpharent.</strong></span> <span class='ocrx_word' id='word_1_178' title='bbox 722 2282 860 2358; x_wconf 75' lang='lat' dir='ltr'><strong>Spedlavit</strong></span> <span class='ocrx_word' id='word_1_179' title='bbox 880 2285 925 2342; x_wconf 90' lang='lat' dir='ltr'><strong>de·</strong></span> 
     </span>
    </p>

    <p class='ocr_par' dir='ltr' id='par_1_24' title="bbox 191 2360 926 2439">
     <span class='ocr_line' id='line_1_28' title="bbox 191 2360 926 2439; baseline 0.008 -21"><span class='ocrx_word' id='word_1_180' title='bbox 191 2360 256 2418; x_wconf 88' lang='lat' dir='ltr'><strong>inde</strong></span> <span class='ocrx_word' id='word_1_181' title='bbox 271 2360 351 2418; x_wconf 90' lang='lat' dir='ltr'><strong>ludos</strong></span> <span class='ocrx_word' id='word_1_182' title='bbox 366 2377 457 2439; x_wconf 85' lang='lat' dir='ltr'><strong>myrto</strong></span> <span class='ocrx_word' id='word_1_183' title='bbox 472 2376 626 2431; x_wconf 87' lang='lat' dir='ltr'><strong>coronatus,</strong></span> <span class='ocrx_word' id='word_1_184' title='bbox 648 2360 816 2422; x_wconf 70' lang='lat' dir='ltr'><strong>delectatae</strong></span> <span class='ocrx_word' id='word_1_185' title='bbox 831 2361 926 2426; x_wconf 77' lang='lat' dir='ltr'><strong>euroni</strong></span> 
     </span>
    </p>

    <p class='ocr_par' dir='ltr' id='par_1_25' title="bbox 163 2437 924 2599">
     <span class='ocr_line' id='line_1_29' title="bbox 163 2437 924 2524; baseline 0.009 -27"><span class='ocrx_word' id='word_1_186' title='bbox 163 2437 177 2451; x_wconf 88' lang='grc'><em>“</em></span> <span class='ocrx_word' id='word_1_187' title='bbox 191 2441 229 2498; x_wconf 93' lang='lat' dir='ltr'><strong>ob</strong></span> <span class='ocrx_word' id='word_1_188' title='bbox 247 2442 409 2500; x_wconf 83' lang='lat' dir='ltr'><strong>memoriam</strong></span> <span class='ocrx_word' id='word_1_189' title='bbox 428 2442 467 2500; x_wconf 89' lang='lat' dir='ltr'><strong>rei</strong></span> <span class='ocrx_word' id='word_1_190' title='bbox 485 2441 575 2512; x_wconf 78' lang='lat' dir='ltr'><strong>gestae,</strong></span> <span class='ocrx_word' id='word_1_191' title='bbox 595 2437 672 2519; x_wconf 77' lang='lat' dir='ltr'><strong>quod</strong></span> <span class='ocrx_word' id='word_1_192' title='bbox 685 2442 715 2500; x_wconf 90' lang='lat' dir='ltr'><strong>in</strong></span> <span class='ocrx_word' id='word_1_193' title='bbox 730 2447 836 2524; x_wconf 80' lang='lat' dir='ltr'><strong>campis</strong></span> <span class='ocrx_word' id='word_1_194' title='bbox 853 2467 924 2524; x_wconf 79' lang='lat' dir='ltr'><strong>myr-</strong></span> 
     </span>
     <span class='ocr_line' id='line_1_30' title="bbox 191 2520 545 2599; baseline 0.003 -19"><span class='ocrx_word' id='word_1_195' title='bbox 191 2520 242 2580; x_wconf 82' lang='lat' dir='ltr'><strong>teis</strong></span> <span class='ocrx_word' id='word_1_196' title='bbox 257 2521 356 2580; x_wconf 88' lang='lat' dir='ltr'><strong>Corsos</strong></span> <span class='ocrx_word' id='word_1_197' title='bbox 369 2521 545 2599; x_wconf 80' lang='lat' dir='ltr'><strong>superaverat.</strong></span> 
     </span>
    </p>

    <p class='ocr_par' dir='ltr' id='par_1_26' title="bbox 191 2601 927 2768">
     <span class='ocr_line' id='line_1_31' title="bbox 233 2601 927 2680; baseline 0.013 -19"><span class='ocrx_word' id='word_1_198' title='bbox 233 2602 352 2662; x_wconf 90' lang='lat' dir='ltr'>XXIII.</span> <span class='ocrx_word' id='word_1_199' title='bbox 375 2602 504 2661; x_wconf 77' lang='lat' dir='ltr'><strong>Sardiniae</strong></span> <span class='ocrx_word' id='word_1_200' title='bbox 523 2601 694 2680; x_wconf 84' lang='lat' dir='ltr'><strong>Corficteque</strong></span> <span class='ocrx_word' id='word_1_201' title='bbox 711 2606 836 2668; x_wconf 87' lang='lat' dir='ltr'><strong>motibus</strong></span> <span class='ocrx_word' id='word_1_202' title='bbox 853 2629 927 2669; x_wconf 88' lang='lat' dir='ltr'><strong>com·</strong></span> 
     </span>
     <span class='ocr_line' id='line_1_32' title="bbox 191 2682 926 2768; baseline 0.007 -25"><span class='ocrx_word' id='word_1_203' title='bbox 191 2684 294 2764; x_wconf 78' lang='lat' dir='ltr'><strong>positis,</strong></span> <span class='ocrx_word' id='word_1_204' title='bbox 318 2682 435 2755; x_wconf 82' lang='lat' dir='ltr'><strong>Ligures</strong></span> <span class='ocrx_word' id='word_1_205' title='bbox 455 2683 595 2754; x_wconf 82' lang='lat' dir='ltr'><strong>restabant,</strong></span> <span class='ocrx_word' id='word_1_206' title='bbox 621 2683 752 2745; x_wconf 75' lang='lat' dir='ltr'><strong>adversus</strong></span> <span class='ocrx_word' id='word_1_207' title='bbox 774 2710 844 2768; x_wconf 87' lang='lat' dir='ltr'><strong>quos</strong></span> <span class='ocrx_word' id='word_1_208' title='bbox 865 2690 926 2750; x_wconf 88' lang='lat' dir='ltr'><strong>milli</strong></span> 
     </span>
    </p>
   </div>
   <div class='ocr_carea' id='block_1_3' title="bbox 89 2733 928 2924">
    <p class='ocr_par' dir='ltr' id='par_1_27' title="bbox 89 2733 928 2924">
     <span class='ocr_line' id='line_1_33' title="bbox 89 2733 926 2843; baseline 0.001 -18"><span class='ocrx_word' id='word_1_209' title='bbox 89 2733 169 2786; x_wconf 62' lang='lat'><strong>¹⁰·</strong></span> <span class='ocrx_word' id='word_1_210' title='bbox 190 2765 310 2825; x_wconf 71' lang='lat' dir='ltr'><strong>conrates</strong></span> <span class='ocrx_word' id='word_1_211' title='bbox 326 2765 370 2823; x_wconf 83' lang='lat' dir='ltr'><strong>M.</strong></span> <span class='ocrx_word' id='word_1_212' title='bbox 383 2765 516 2824; x_wconf 61' lang='lat' dir='ltr'><strong>sumtus.</strong></span> <span class='ocrx_word' id='word_1_213' title='bbox 529 2764 565 2823; x_wconf 78' lang='lat' dir='ltr'><strong>t.</strong></span> <span class='ocrx_word' id='word_1_214' title='bbox 580 2765 614 2824; x_wconf 76' lang='lat' dir='ltr'><strong>r.</strong></span> <span class='ocrx_word' id='word_1_215' title='bbox 630 2764 724 2843; x_wconf 74' lang='lat' dir='ltr'><strong>Qu.</strong></span> <span class='ocrx_word' id='word_1_216' title='bbox 742 2768 869 2843; x_wconf 64' lang='lat' dir='ltr'><strong>ussus,</strong></span> <span class='ocrx_word' id='word_1_217' title='bbox 885 2773 926 2831; x_wconf 81' lang='grc' dir='ltr'><strong>Μ.</strong></span> 
     </span>
     <span class='ocr_line' id='line_1_34' title="bbox 97 2816 928 2924; baseline 0.011 -21"><span class='ocrx_word' id='word_1_218' title='bbox 97 2816 166 2914; x_wconf 56' lang='grc' dir='ltr'><strong>Λμέ</strong></span> <span class='ocrx_word' id='word_1_219' title='bbox 189 2847 288 2922; x_wconf 86' lang='lat' dir='ltr'><strong>Junius</strong></span> <span class='ocrx_word' id='word_1_220' title='bbox 303 2846 341 2905; x_wconf 90' lang='lat' dir='ltr'><strong>D.</strong></span> <span class='ocrx_word' id='word_1_221' title='bbox 358 2847 392 2905; x_wconf 82' lang='lat' dir='ltr'><strong>F.</strong></span> <span class='ocrx_word' id='word_1_222' title='bbox 409 2845 448 2904; x_wconf 90' lang='lat' dir='ltr'><strong>D.</strong></span> <span class='ocrx_word' id='word_1_223' title='bbox 464 2845 505 2904; x_wconf 93' lang='lat' dir='ltr'><strong>N.</strong></span> <span class='ocrx_word' id='word_1_224' title='bbox 520 2845 596 2915; x_wconf 85' lang='lat' dir='ltr'><strong>Pera,</strong></span> <span class='ocrx_word' id='word_1_225' title='bbox 617 2844 689 2904; x_wconf 89' lang='lat' dir='ltr'><strong>inter</strong></span> <span class='ocrx_word' id='word_1_226' title='bbox 702 2852 928 2924; x_wconf 84' lang='lat' dir='ltr'><strong>proficiscendum</strong></span> 
     </span>
    </p>
   </div>
   <div class='ocr_carea' id='block_1_4' title="bbox 106 2925 928 3087">
    <p class='ocr_par' dir='ltr' id='par_1_28' title="bbox 106 2925 928 3087">
     <span class='ocr_line' id='line_1_35' title="bbox 106 2925 928 3003; baseline 0.019 -27"><span class='ocrx_word' id='word_1_227' title='bbox 106 2941 164 2992; x_wconf 83' lang='lat'><strong>²30·</strong></span> <span class='ocrx_word' id='word_1_228' title='bbox 189 2941 331 3003; x_wconf 88' lang='lat' dir='ltr'><strong>comperto</strong></span> <span class='ocrx_word' id='word_1_229' title='bbox 344 2926 441 2985; x_wconf 89' lang='lat' dir='ltr'><strong>Gallos</strong></span> <span class='ocrx_word' id='word_1_230' title='bbox 456 2927 537 2985; x_wconf 86' lang='lat' dir='ltr'><strong>rebus</strong></span> <span class='ocrx_word' id='word_1_231' title='bbox 549 2925 628 2983; x_wconf 88' lang='lat' dir='ltr'><strong>novis</strong></span> <span class='ocrx_word' id='word_1_232' title='bbox 643 2925 763 3002; x_wconf 84' lang='lat' dir='ltr'><strong>studere,</strong></span> <span class='ocrx_word' id='word_1_233' title='bbox 785 2934 852 2992; x_wconf 84' lang='lat' dir='ltr'><strong>fines</strong></span> <span class='ocrx_word' id='word_1_234' title='bbox 870 2936 928 2994; x_wconf 87' lang='lat' dir='ltr'><strong>illo·</strong></span> 
     </span>
     <span class='ocr_line' id='line_1_36' title="bbox 187 3009 928 3087; baseline 0.018 -21"><span class='ocrx_word' id='word_1_235' title='bbox 187 3023 251 3066; x_wconf 84' lang='lat' dir='ltr'><strong>tum</strong></span> <span class='ocrx_word' id='word_1_236' title='bbox 273 3026 338 3073; x_wconf 82' lang='lat' dir='ltr'><strong>cusu</strong></span> <span class='ocrx_word' id='word_1_237' title='bbox 358 3009 478 3069; x_wconf 80' lang='lat' dir='ltr'><strong>exercitu</strong></span> <span class='ocrx_word' id='word_1_238' title='bbox 497 3010 673 3069; x_wconf 82' lang='lat' dir='ltr'><strong>intrauerunt.</strong></span> <span class='ocrx_word' id='word_1_239' title='bbox 715 3009 838 3087; x_wconf 73' lang='lat' dir='ltr'><strong>irritaris</strong></span> <span class='ocrx_word' id='word_1_240' title='bbox 850 3016 928 3078; x_wconf 75' lang='lat' dir='ltr'><strong>enirn</strong></span> 
     </span>
    </p>
   </div>
   <div class='ocr_carea' id='block_1_5' title="bbox 0 0 982 3736">
    <p class='ocr_par' dir='ltr' id='par_1_29' title="bbox 0 0 982 3736">
     <span class='ocr_line' id='line_1_37' title="bbox 0 0 982 3736; baseline 0 0"><span class='ocrx_word' id='word_1_241' title='bbox 0 0 982 3736; x_wconf 95' lang='lat' dir='ltr'><strong> </strong></span> 
     </span>
    </p>
   </div>
  </div>
 </body>
</html>
