1956 3736
103 188 107 194 ¹
183 163 371 225 Sumen.
394 164 532 229 L.X111.
556 168 714 233 Ltvtnu.
778 192 811 251 ςι

79 298 238 356 commodis
249 299 377 357 vexabat:
398 305 520 378 &quum
535 304 699 380 occupandae
712 305 814 383 Capuae
822 323 853 370 υ.
863 325 891 373 c.

77 379 190 436 consilia
211 398 304 449 regem
330 380 429 450 agitare
455 384 638 458 comperillet‚
664 385 815 444 festinanter
830 404 889 450 472.

79 460 201 516 exercitu
215 459 308 531 ducto,
322 461 452 535 praevenit
465 482 539 532 eum,
551 465 703 541 cundiisque
717 465 752 523 ad
764 467 812 524 de·
822 458 850 499 A.
861 459 889 516 9·

79 538 230 596 fenstonem
248 541 355 614 paratis,
375 540 409 596 ab
426 541 578 599 invadenda
590 545 812 606 urbedet'erruit.
830 518 888 570 ²⁸⁰·

80 619 201 696 Pyrrhus
217 619 365 700 Neapolim
381 620 452 678 flexo
471 622 576 693 itinere,
597 639 676 702 atque
691 626 728 682 ibi
742 647 813 703 quo-

78 721 134 777 que
156 699 202 775 spe
223 699 266 756 sui
286 699 431 771 frustratus,
453 703 573 777 protinus
595 702 629 760 ad
651 705 732 781 ipsam
753 708 812 764 Ro-

79 800 155 852 mam
180 780 284 848 magnis
311 780 450 836 itineribus
474 782 570 838 Latini
594 784 638 841 vit
658 787 811 845 contendis.

80 860 144 936 Jam
158 859 193 917 ab
208 860 333 929 Anagnia
348 864 373 916 δι
387 860 572 917 Hernicorum
586 883 662 933 agro,
685 866 813 934 Fregellis

79 940 168 997 obiter
195 940 369 1016 expugnatis,
396 940 525 996 Praeneste
550 957 720 1016 pervenerat,
746 945 815 1002 intra

78 1019 239 1078 vicesimum
258 1020 292 1075 ab
311 1018 376 1076 urbe
396 1019 535 1095 lapidem·
569 1022 623 1079 Sed
640 1023 734 1079 urbani
756 1009 814 1082 nia·

77 1101 212 1170 ginatus,
232 1098 311 1156 fimul
330 1113 410 1175 atque
429 1098 463 1156 dc
481 1099 557 1157 clade
575 1102 696 1158 auditum
716 1103 812 1174 fue-rat,

76 1181 159 1237 novis
176 1178 326 1236 delestibus
343 1198 377 1235 ex
396 1179 615 1238 senatusconsulto
631 1181 752 1257 juniores
771 1203 813 1240 ar-

79 1276 233 1317 maverant:
251 1256 378 1335 aliudque
388 1279 444 1315 non
456 1260 604 1318 invalidum
618 1262 747 1319 auxilium
760 1282 811 1343 po·

76 1340 136 1417 puli
155 1339 275 1396 Romani
291 1337 399 1394 fortuna
417 1354 539 1416 tempore
555 1342 697 1398 necell'ario
717 1344 811 1420 provi·

78 1418 165 1479 derat.
201 1417 301 1475 Consul
316 1418 389 1474 enim
407 1419 473 1475 alter
485 1419 536 1478 Ti.
552 1421 736 1479 Coruncanius
750 1442 811 1480 me-

77 1498 147 1558 liore
164 1497 274 1556 fortuni
294 1517 359 1555 cum
378 1498 494 1555 Etruscis
514 1501 677 1571 congreffus‚
701 1503 811 1559 univer·

77 1579 134 1637 sam
148 1593 259 1649 gentem
272 1577 350 1634 novis
364 1576 512 1635 foederibus
525 1580 715 1638 obstrinxerat:
737 1585 763 1636 o
777 1579 813 1636 nd

77 1659 193 1717 tutelam
207 1659 300 1736 patriae
313 1671 456 1714 revocante
466 1658 567 1729 senatu,
586 1659 660 1718 nullo
672 1659 725 1715 alio
738 1659 812 1716 hoste

76 1739 217 1812 distraetus
231 1758 294 1794 curn
306 1738 427 1794 exercitu
440 1738 543 1796 vidore
556 1739 717 1797 accurrebat.

118 1820 211 1879 XIII.
234 1818 353 1894 Pyrrlrus
373 1837 457 1911 quum
476 1818 602 1877 Etruscos
621 1819 656 1876 ad
675 1819 749 1876 arma
767 1839 814 1876 ns-

77 1902 183 1963 trahere
191 1898 283 1956 fmilia
293 1896 451 1964 tentamlleu
463 1912 558 1974 praeter
569 1900 665 1958 urbem
676 1900 727 1958 suis
740 1920 811 1978 prae-
860 1963 862 1966 ,

77 1980 153 2045 fidis
164 1993 261 2048 tutam,
276 1977 344 2034 duos
358 1977 505 2036 consulares
517 1982 659 2051 exercitus,
670 1981 783 2037 alterum
796 1979 811 2036 ἃ

83 2061 188 2131 fronte,
207 2058 322 2116 alterum
341 2055 356 2114 Ξ
374 2071 452 2127 tergo
471 2059 613 2115 imminere
629 2062 761 2132 cogitans,
781 2060 811 2117 in

76 2140 259 2221 Campaniam
277 2137 405 2210 regressus
424 2137 471 2195 eit.
514 2139 574 2196 Ubi
590 2139 733 2195 Laevinum
751 2158 811 2196 ma-

74 2223 183 2301 joribus
196 2221 245 2278 fibi
260 2219 356 2296 copiis,
378 2216 460 2294 quiun
474 2232 535 2275 ante
550 2217 654 2274 cladem
671 2218 811 2288 habuillet,

78 2321 222 2361 occurrere
243 2298 347 2369 videns,
373 2317 429 2355 curn
452 2297 543 2377 Hydra
566 2297 679 2354 Lernaea
690 2298 745 2374 fibi
766 2314 811 2355 ne-

73 2386 176 2463 gotium
191 2381 238 2455 effe
249 2374 330 2449 dixis,
350 2381 423 2455 tujsu
433 2378 547 2453 praecisa
562 2381 648 2454 capita
658 2378 736 2453 paulo
748 2380 812 2454 post,

79 2480 186 2520 numero
200 2464 278 2516 enam
290 2463 374 2529 autin,
395 2457 603 2534 renafcercntur.
636 2459 706 2534 Qia
723 2474 812 2517 tamen

78 2543 164 2623 priori
179 2541 298 2597 viiloriae
312 2538 474 2608 confidebat,
490 2539 583 2597 eduxit
598 2541 699 2616 copias,
714 2544 740 2594 δι
753 2553 813 2595 tan-

80 2642 164 2704 quam
184 2634 349 2696 pugnaturus
368 2619 504 2675 instruxit:
526 2618 634 2695 quisque
653 2619 761 2674 suorum
779 2618 813 2685 fi-

79 2702 138 2762 mul
153 2700 316 2761 alacritatem
333 2699 507 2776 experiretur,
527 2697 606 2754 simul
623 2696 815 2773 perterreface-

80 2797 121 2840 ret
143 2774 248 2838 hostem
259 2803 268 2846 3
294 2779 442 2836 clamorem
462 2775 557 2834 tollere
577 2777 688 2846 milites,
709 2794 740 2833 ac
759 2775 814 2831 ele-

100 2861 198 2922 hantos
224 2859 260 2916 ad
285 2859 417 2917 barritum
443 2853 573 2914 ciendum
598 2855 702 2913 incitari
733 2856 814 2931 juffrt.

81 2882 220 3004 lledditus
235 2940 271 2997 est
288 2936 303 2996 ἔ
318 2937 451 3002 Romanis
468 2934 550 3006 tongs
568 2936 655 3012 major
668 2949 748 3013 atque
762 2951 816 2994 tes-

83 3021 187 3082 tibiiios
207 3020 324 3082 clamor.
363 3016 448 3078 Unde
469 3017 517 3156 d}
525 3019 622 3076 animis
641 3031 820 3094 utrorumque

537 3118 555 3158 2
