1956 3736
73 319 106 367 U.
120 323 147 370 C.

170 171 228 232 106
321 171 348 250 J.
385 151 746 230 rarissimis

168 303 266 380 opibus
281 301 420 361 industrius
432 302 494 375 fuit,
509 315 567 362 tam
580 303 609 360 in
622 301 770 362 retinendis
782 301 888 360 circum-

83 389 141 443 480·
167 385 270 465 speetus
284 382 333 442 effe
348 384 483 460 potuisset.

85 527 142 578 ²7²·

73 452 144 502 *0
208 464 322 524 XLIV.
345 465 417 523 Haec
439 466 521 536 igitur
541 465 681 544 postquam
703 466 732 524 in
748 463 824 524 rana
841 462 888 520 tuns

166 544 266 618 audita,
287 566 338 623 pro
356 548 436 606 variis
459 547 601 605 hominum
622 547 725 618 studiis,
746 544 837 604 laetitii
856 544 887 600 lu·

163 626 244 686 &uve
258 626 381 687 ciuitates
394 628 517 687 affecere.
541 627 594 688 Sed
608 629 652 685 alii
667 628 780 704 quidem
794 623 889 705 populi,

163 707 212 789 qui
225 707 277 766 suae
292 709 391 789 spontis
409 724 493 781 erant,
515 729 610 786 pacem
623 709 825 786 amicitiamque
839 706 888 763 Ro·

162 806 319 864 manorum,
340 790 438 870 quibus
453 805 588 869 poterant,
601 788 813 848 conditionibus
826 786 889 846 redi·

163 870 285 933 mebant.
327 872 521 941 Tarentinum,
547 891 581 928 nc
601 872 653 931 suis
674 869 792 930 consiliis
812 884 889 927 utere-

163 967 223 1027 tur,
248 953 404 1032 praesidium
426 952 599 1030 Epirotarum
619 957 645 1009 δι
664 951 809 1029 praefesius
832 949 891 1007 arcis

163 1034 239 1095 Milo
253 1022 374 1093 velabat:
397 1035 468 1091 inter
479 1051 547 1111 quos
561 1053 603 1090 res
618 1032 748 1110 paulatim
763 1052 797 1090 ex
814 1031 890 1090 levio·

163 1115 238 1174 ribus
257 1116 362 1191 injuriis
382 1129 462 1192 atque
483 1113 654 1172 contumeliis
671 1114 701 1171 in
720 1112 888 1191 apertasini·

163 1196 280 1255 micitias
299 1195 465 1273 processerat.
487 1195 576 1270 itaque
594 1194 720 1257 maximis
738 1194 768 1250 in
783 1193 891 1253 difficul-

163 1277 262 1335 tatibus
276 1276 411 1334 constituti
426 1276 581 1353 Tarentini,
601 1295 687 1353 quum
702 1289 779 1333 extra
799 1275 892 1333 moenia

160 1358 304 1415 Romanos
318 1356 416 1428 hostes,
434 1357 506 1413 intus
518 1356 643 1433 Epirotas
655 1355 798 1427 haberent,
819 1355 892 1416 mitiis

162 1436 255 1511 legatis
276 1435 407 1497 amilium
422 1433 437 1493 i
451 1434 714 1508 Carthaginienfibus
733 1432 892 1515 petiverunt.

160 1518 252 1589 Parni,
273 1517 322 1596 qui
336 1516 433 1575 Sicilia
451 1536 577 1587 magnam
598 1532 702 1594 partem
716 1531 852 1590 tenerent,
872 1526 893 1578 s

160 1600 297 1660 maritima
310 1599 398 1659 Italiae
419 1599 479 1656 loca
498 1597 546 1659 sibi
565 1597 648 1676 quim
666 1598 801 1658 Romanis
822 1620 896 1659 acce·

161 1682 227 1740 dere
250 1679 372 1752 mallent,
397 1678 484 1756 specie
505 1677 540 1736 ad
561 1678 725 1755 ejiciendum
747 1680 893 1755 Milonem,

160 1762 294 1832 ceterum,
314 1759 473 1820 srTarento
492 1760 652 1837 potirentur,
674 1761 757 1819 etiam
771 1759 894 1822 adversis

161 1843 304 1915 Romanoa
321 1839 426 1910 ruituri,
448 1860 511 1897 cum
530 1840 654 1897 instrusla
673 1840 751 1899 claffe
805 1842 895 1924 erupti

160 1934 342 1982 accurrerunt.
386 1920 482 1992 Quum
499 1919 571 1978 inter
587 1922 645 1979 haec
665 1919 748 1981 etiarn
768 1863 894 2003 limpi-

160 2000 217 2062 rius
237 1997 327 2059 consul
342 1997 498 2070 advenisset,
518 2000 639 2080 undique
659 2001 745 2060 clausa
760 1996 895 2064 Tarentus

159 2097 227 2154 erat,
249 2079 382 2141 Romanis
402 2079 417 2138 i
436 2092 507 2138 terra
526 2081 623 2143 urbem
642 2081 721 2143 simul
739 2102 895 2167 arcemque,

161 2164 253 2225 Poenis
267 2161 393 2222 eamdem
408 2182 498 2220 arcem
511 2159 526 2220 i
537 2163 605 2221 mari
619 2161 816 2225 obsidentibus.

201 2245 299 2304 XLV.
323 2244 357 2302 In
371 2243 424 2300 hoc
439 2243 504 2301 statu
520 2263 621 2314 rerum,
642 2263 729 2320 quum
749 2243 825 2304 haud
843 2244 913 2312 mi,

160 2345 212 2384 nor
228 2327 355 2383 Romano
373 2343 435 2383 cura
455 2322 528 2395 esset,
549 2341 584 2380 ne
604 2323 838 2395 Carthaginienses
854 2346 894 2385 ar-

159 2426 221 2465 cem
249 2419 391 2482 caperent,
417 2402 499 2480 quim
520 2422 555 2461 ne
575 2400 589 2460 i
609 2403 635 2462 se
659 2421 893 2484 non'caperetur,

159 2505 254 2544 omnes
265 2485 388 2543 vitioriae
400 2484 517 2542 rationes
529 2479 658 2545 subtiliter
672 2484 814 2560 indagans,
836 2488 893 2547 Mi·

157 2566 251 2625 ionem
263 2564 435 2642 peridoneus
448 2564 631 2624 internuncios
645 2578 741 2639 tentat,
754 2566 775 2625 si
788 2567 892 2627 Taren-

157 2660 219 2706 tum
237 2644 294 2721 ejus
311 2645 393 2723 operi
412 2642 576 2716 obtinuiliet,
597 2645 683 2724 ipsum
701 2648 893 2727 popularesque

158 2749 225 2788 cum
241 2725 320 2785 rebus
335 2724 386 2784 suis
401 2726 550 2784 incolumes
564 2725 733 2786 dimissurum
749 2729 801 2789 esse
817 2729 892 2809 polli-
915 2784 916 2788 ,

156 2810 238 2869 citus.
271 2806 345 2867 Milo
359 2807 426 2865 nihil
447 2826 481 2865 ex
495 2807 667 2886 praesentibus
681 2807 779 2869 videns
793 2811 891 2890 potius,

155 2906 221 2948 cum
235 2888 391 2948 Tarentinis
406 2889 472 2961 agit,
485 2902 514 2946 ut
525 2889 625 2965 junctis
637 2888 755 2948 consiliis
768 2890 804 2950 de
818 2910 889 2950 corn-

156 2968 234 3024 muni
253 2967 550 3033 salute,deliberarent:
572 2968 720 3046 sensimque
742 2972 890 3050 persuadet,

158 3060 189 3109 ut
203 3046 229 3106 se
240 3047 359 3121 legatum
373 3049 407 3107 ad
423 3050 457 3108 L.
467 3049 604 3129 Papirium
615 3049 769 3128 ntitterent,
780 3053 816 3114 de
827 3069 905 3130 cou-¹
