1956 3736
200 167 389 224 Surrnnu.
412 163 525 224 L.XX.
548 162 708 222 Ltvrnu.
765 180 822 239 277

84 299 228 358 concionis
244 299 278 355 in
298 298 351 355 hoc
371 298 481 370 negotio
504 295 650 356 modestia:
678 314 739 374 quae
760 293 919 360 licetine(

85 381 162 436 abitu
178 378 278 436 tribuni
291 379 347 455 spes
362 378 418 436 suas
436 378 541 436 destitui
554 378 670 449 videret,
684 395 726 434 ne
739 377 822 434 mini-
834 384 897 431 '520-

85 479 136 518 mo
155 459 266 537 quidem
285 479 425 517 murmure
443 459 544 516 fastum
558 459 630 517 illius
644 457 820 536 improbavit.
833 444 859 485 Α·
872 443 901 487 c·

86 539 181 598 Dilata
199 553 290 598 tamen
302 541 357 597 hoc
371 539 456 598 modo
470 538 559 616 potius
571 538 652 615 quim
668 540 765 597 evitata
777 539 823 597 lex
840 517 896 566 ιμ’

84 620 133 692 est,
144 623 176 679 C.
187 620 307 678 Carvilio
322 621 430 680 tribuno
444 619 532 698 plebis
544 617 676 691 collegam
690 619 821 695 adjuvan-

85 714 131 759 te:
152 701 229 780 quod
242 701 356 779 quidem
369 702 477 760 initium
490 701 553 770 suit,
574 705 600 756 &
613 699 823 778 corrumpendas

82 781 182 857 plebis,
204 786 230 840 δε
244 781 346 838 Gallici
366 781 441 851 belli,
461 780 538 859 quod
555 781 651 838 ottavo
671 781 729 857 post
747 781 823 839 divi·

84 860 190 920 fiunem
208 861 265 933 agri
281 861 384 920 Gallici
401 881 472 918 anno
494 859 675 932 gravisimum
694 875 821 920 exortum

86 941 135 1000 est.

127 1022 193 1079 XX.
216 1021 295 1079 Tum
309 1018 375 1078 verb
390 1021 435 1079 Μ.
450 1021 617 1098 Pomponius
632 1020 687 1078 Μ’.
704 1021 737 1080 F.
761 1021 819 1080 Μ’.
830 1037 861 1087 υ,
871 1040 902 1092 c,

84 1101 128 1162 N.
150 1101 261 1173 Matho,
289 1103 324 1162 C.
346 1102 467 1179 Papirius
489 1103 524 1162 C.
548 1103 583 1160 F.
605 1101 641 1160 L.
664 1100 707 1160 N.
729 1101 819 1173 Maso,
838 1107 897 1160 52'1·

83 1203 171 1260 quum
181 1183 363 1255 magistratum
374 1183 517 1255 inivissent,
525 1181 677 1259 provincias
686 1183 730 1240 M.
738 1183 820 1240 Pom·
829 1171 856 1216 Α·
868 1173 897 1218 ⁶·

82 1264 182 1340 ponius
202 1263 363 1335 Sardiniam,
391 1264 427 1323 C.
445 1264 566 1342 Papirius
588 1260 726 1320 Corsicam
748 1263 820 1322 obti-
840 1246 896 1298 Ψ·

83 1360 178 1403 nuere.
201 1343 359 1423 Utrobique
370 1345 442 1404 cellit
454 1345 546 1416 hostis,
560 1349 586 1402 δι
597 1343 627 1401 in
640 1342 725 1422 sylvas
739 1363 822 1403 mon-

82 1421 176 1500 tesque
196 1423 294 1482 uduos
314 1424 462 1496 refugiens,
483 1424 608 1484 locorum
628 1424 718 1501 potius
739 1423 822 1504 quim
933 1469 936 1473 .

82 1521 223 1562 armorum
237 1504 433 1563 munitionibus
446 1505 473 1562 se
487 1519 587 1564 tutatus
601 1504 648 1563 est.
681 1505 758 1576 Ergo
772 1506 820 1564 M.

83 1583 254 1662 Pomponius
272 1604 364 1662 quum·
378 1583 533 1643 laboriofius
551 1584 604 1642 esse
620 1583 726 1642 uideret
742 1585 821 1642 inve·
921 1647 928 1666 ‚

81 1664 142 1723 nire
162 1663 298 1736 barbatos,
319 1662 403 1741 quim
422 1666 542 1737 vincere,
561 1683 642 1722 canes
663 1664 767 1736 sagaces
787 1682 822 1724 ex

82 1745 162 1804 Italia
182 1746 288 1804 curavit
303 1744 488 1819 advehendos,
509 1763 629 1824 quorum
646 1743 749 1803 indicio
767 1744 821 1803 ho-

79 1825 168 1885 mines
190 1846 269 1886 ruore
290 1826 408 1886 serarum
430 1828 459 1885 in
478 1825 614 1887 cubilibus
635 1824 686 1883 suis
707 1826 821 1884 latentes

79 1904 306 1984 deprehenderet.
340 1909 376 1968 C.
392 1908 511 1987 Papirius
526 1907 624 1967 Corsos
636 1909 740 1984 campis
754 1909 818 1985 pul·

79 1985 123 2044 sos
140 1987 175 2044 ad
189 2001 316 2046 montana
330 1990 391 2047 loca
405 1991 531 2067 sequutus
545 1989 590 2046 cst.
624 1989 669 2046 Ibi
685 1988 761 2047 labor
775 1989 818 2046 in-

79 2086 148 2140 gens
166 2087 231 2126 cum
248 2069 371 2146 periculo
387 2069 455 2126 suit:
478 2068 612 2143 multique
631 2068 751 2124 rnilitum
766 2068 819 2139 sni,

79 2163 126 2206 aut
146 2148 235 2207 subito
257 2147 432 2206 barbarorum
454 2146 559 2222 incursu
580 2144 703 2221 periere:
730 2145 821 2206 donec

79 2229 197 2287 inventis
211 2227 286 2306 aquis
300 2227 455 2304 resesioque
470 2227 590 2285 exercitu
602 2225 680 2284 Corst
694 2225 729 2283 de
743 2226 820 2287 exitu

78 2311 119 2368 rei
133 2310 271 2381 timentes,
291 2307 393 2366 consuli
406 2306 441 2366 ad
456 2305 624 2367 deditionem
636 2307 755 2365 hortanti
769 2326 819 2387 pa·

78 2405 200 2449 ruerunt.

121 2471 205 2531 XXI.
221 2470 300 2530 Dum
310 2469 353 2527 his
366 2468 446 2528 rebus
458 2467 585 2541 g'erundis
595 2470 742 2529 attinentur
751 2488 819 2530 con·

79 2551 159 2622 sulen,
180 2551 292 2609 comitia
315 2571 364 2628 per
384 2548 544 2608 dictatorern
565 2549 600 2608 ad
621 2552 677 2610 boc
696 2565 820 2612 creatum

78 2629 140 2688 sunt
158 2631 258 2691 habita.
292 2631 329 2690 C.
342 2630 452 2690 Duilius
471 2629 587 2690 suit‘M.
610 2633 641 2690 F.
662 2633 708 2691 M.
729 2632 771 2692 N.
796 2634 820 2692 is

80 2709 238 2781 magistrum
252 2711 376 2787 equitum
390 2710 460 2770 dixit
474 2711 509 2771 C.
520 2712 664 2770 Aurelium
678 2714 714 2772 L.
733 2714 764 2770 F.
780 2713 818 2774 C.

82 2792 125 2851 N.
138 2792 257 2849 Cottam.
280 2791 410 2851 Censores
424 2792 506 2850 etiam
521 2808 580 2851 tum
593 2792 669 2851 fuere
682 2792 723 2853 T.
733 2794 819 2852 Man·

80 2873 133 2932 lius
149 2872 189 2932 T.
207 2874 241 2932 F.
255 2872 296 2933 T.
311 2873 530 2950 N.Torquatus,
544 2874 706 2951 QFulvius
722 2874 768 2934 M.
782 2875 818 2935 F.

82 2953 179 3038 QN.
192 2954 320 3013 Flaccus:
337 2954 383 3014 sed
397 2954 464 3012 vitio
478 2954 542 3011 fatti
556 2953 724 3012 abdicarunt.
753 2953 820 3011 No-

82 3035 112 3094 vi
127 3035 211 3096 motis
223 3035 357 3110 originem
368 3036 434 3097 huic
445 3053 517 3173 annAo
531 3034 671 3113 scriptores
682 3033 821 3106 assignant,
937 3031 942 3038 '

531 3135 547 3173 a
616 3136 618 3141 .
