1956 3736
212 161 249 218 ss
325 162 389 239 ‚J.
424 161 784 221 Fnsrnsntutt

118 303 151 350 u.
165 307 193 355 e„
214 290 404 348 contumeliam
421 298 567 367 oporteret.
603 289 657 347 sed
675 289 738 366 quia
757 302 799 348 tot
819 289 880 347 aliis
893 289 937 346 sd·

129 383 189 429 47¹·
214 370 305 427 versis
326 368 491 426 vatidiffimas
514 384 607 440 gentes
628 369 703 426 bellis
724 369 850 426 distrittae
871 371 939 426 viret

118 439 148 480 ὦ
161 440 187 484 ‘²
213 464 301 518 erant,
322 449 458 519 statimne,
479 469 513 506 an
533 449 637 526 postea,
661 461 754 506 contra
775 449 939 506 Tarentinos

129 498 357 586 ²⁸¹'nrittendus
377 527 510 586 exercitus
530 529 603 598 esset,
627 547 720 604 perum
743 527 937 604 expediebsutt

208 606 359 684 multosque
372 627 421 684 per
434 608 491 665 dies
506 608 538 665 ab
553 622 611 664 orta
624 609 684 664 luce
696 607 731 664 ad
744 609 869 666 occasum
881 609 939 666 solis

208 708 237 751 re
254 689 283 743 in
302 687 391 752 senatu
405 686 558 764 disceptatis,
579 707 665 762 quum
681 687 728 744 alii
745 687 819 744 nibil
833 700 937 745 tentari

207 767 267 822 dem
281 766 432 841 priusquam
447 781 542 824 cercrae
560 770 690 836 ciuitates,
711 780 759 823 aet
767 767 867 840 saltem
880 785 938 843 qeae

198 846 330 922 finieienae
342 846 454 904 serente
466 847 543 922 effert
551 858 723 920 pacarentur,
744 847 789 904 alii
795 847 857 922 stne
868 865 937 904 nere

206 926 389 983 decernendum
415 927 463 1001 effe
483 926 574 983 bellurn
600 939 774 1002 pugnarent3
803 923 938 1003 postremi

207 1007 353 1063 numeratis
367 1006 501 1064 sententiis
514 1005 762 1063 senatusconsultum
773 1001 876 1065 tastum
891 1007 936 1077 est,

207 1098 238 1143 ert
251 1086 352 1143 debello
362 1086 512 1144 Tarentinis
525 1085 658 1158 inferendo
671 1085 708 1141 ed
714 1086 836 1161 pepelurn
841 1087 936 1159 serre·

205 1178 263 1225 tur.
291 1163 326 1222 Id
340 1186 424 1242 quum
438 1165 553 1241 populus
568 1165 692 1222 consensu
702 1165 820 1238 jussisset,
833 1165 869 1222 ad
883 1165 936 1223 AE·

204 1244 311 1302 milium
330 1243 476 1314 consulem,
497 1245 544 1319 qui
561 1245 619 1318 jam
637 1246 666 1300 in
682 1244 823 1301 Samnium
840 1244 876 1301 ad
889 1264 936 1302 ex·

203 1323 320 1391 ercitum
334 1323 470 1398 professus
483 1322 580 1392 fuerat,
596 1323 699 1399 scriptae
711 1324 770 1381 sunt
784 1324 893 1394 litterae,
906 1336 935 1380 ret

205 1400 295 1474 erniffis
309 1403 482 1477 presentibus
500 1403 583 1476 rastra
601 1406 631 1458 in
647 1401 789 1459 Terentino
808 1422 872 1476 agre
887 1417 933 1479 pe·

204 1493 290 1552 neret,
311 1479 357 1552 Es,
379 1481 428 1558 nist
443 1483 473 1538 de
486 1482 569 1538 illatis
585 1484 692 1557 inJ'nriic
702 1483 875 1557 satisfaceret
887 1496 934 1558 pe-

200 1561 278 1636 pules
299 1560 471 1634 Tarentinus,
497 1579 553 1618 curn
565 1562 636 1639 juste
652 1565 745 1636 pieque
764 1561 829 1620 belle
845 1563 933 1639 perse·

202 1653 338 1719 queretur.

244 1722 300 1780 XI.
327 1721 469 1780 Tarentini
493 1741 548 1780 non
569 1720 684 1798 amplius
709 1739 774 1780 cum
795 1722 933 1799 paucis&

202 1799 350 1859 inermibus
367 1801 533 1870 hominibus,
554 1801 599 1858 sed
612 1801 738 1859 inuncto
751 1802 873 1860 exercitu
885 1822 932 1860 ne-

201 1879 309 1948 gotium
322 1879 371 1935 stbi
384 1879 505 1936 futurum
519 1879 570 1937 esse
584 1894 734 1952 cernentes,
755 1893 884 1959 tanquam
899 1901 932 1940 ex

200 1956 326 2015 diuttuna
340 1956 447 2034 crapula
459 1958 647 2033 expergefacti,
660 1962 718 2034 jam
730 1958 798 2018 serie
810 1961 879 2038 quid
890 1961 931 2019 sa-

171 2093 174 2096 ,
199 2035 331 2094 ciundum
344 2036 407 2094 esset
418 2036 609 2098 consultabant.
630 2039 732 2097 bellum
746 2040 869 2117 accipere
882 2060 930 2119 pe·

200 2116 363 2184 riculosum3
391 2117 521 2193 imperata
542 2117 630 2176 facere
651 2118 743 2175 servile
768 2119 927 2178 videbatur:

198 2216 287 2272 neque
299 2196 376 2254 vitari
389 2209 533 2274 utrumque
546 2203 659 2274 poterat.
687 2197 863 2257 Variantibus
878 2200 931 2271 igi·

199 2289 244 2333 tur
262 2276 406 2347 sententiis,
428 2277 568 2347 exsurgens
588 2276 709 2353 quidam,
730 2278 810 2351 Qud
819 2281 930 2355 frustnc

198 2355 252 2411 dies
266 2355 412 2412 altercando
427 2360 543 2427 terimus,
564 2357 663 2432 inquit,
683 2355 850 2418 Tarentini?
878 2361 929 2416 Ve-

199 2447 295 2491 nerunt
316 2446 445 2508 tenpore,
474 2454 534 2508 quae
549 2438 630 2508 salla
649 2439 731 2509 tnagis
751 2434 830 2512 qeins
850 2440 929 2495 verbe

194 2512 338 2586 postulent:
350 2513 403 2585 sed
412 2512 449 2568 ad
458 2532 518 2586 quae
530 2533 564 2571 ex
578 2515 625 2587 esee
632 2516 732 2588 publice
744 2515 928 2592 administrare·

197 2591 232 2648 da
246 2590 353 2664 confiliis
371 2595 448 2648 renis
461 2604 520 2665 opes
530 2592 580 2668 fit,
602 2589 637 2650 Εἴ
652 2613 695 2650 ιιι
711 2594 803 2655 libero.
840 2597 928 2673 Neque

188 2669 257 2747 fhni
270 2688 380 2741 mercer,
401 2667 467 2744 qnid
477 2671 589 2729 antebac
605 2678 729 2731 conmuni
742 2675 850 2749 quodam
863 2678 926 2735 libe·

196 2770 289 2808 rarum
303 2754 440 2807 civitatem
454 2752 548 2822 norbo,
569 2752 643 2809 aseris
655 2752 818 2826 adgretiern
833 2769 925 2833 conpe-

186 2830 261 2904 fitis,
282 2830 381 2906 etiamst
393 2830 481 2889 crebri
494 2845 624 2903 nocerent,
645 2832 702 2904 estis
720 2834 850 2896 obsecrati.
871 2850 925 2895 tren

195 2913 273 2978 enirn,
295 2923 325 2966 et
334 2911 373 2986 fit
386 2915 458 2969 inter
476 2932 518 2969 rer
531 2913 677 2987 prosperas,
697 2914 763 2986 quid
772 2914 923 2991 petifflnrin

189 2990 345 3061 -reipeble'rae
364 2991 527 3065 conduceret,
550 3005 646 3069 perun
665 2995 918 3056 animadvertentes.
