1956 3736
175 197 214 260 9²
333 177 747 243 nutrivimus
861 249 864 256 Ι

83 326 113 376 ι.
126 313 248 392 43.cilia,
269 315 294 370 δι
311 310 442 370 Sardinia.
473 308 529 369 Sed
546 307 660 382 lingulas
678 309 789 389 quinam
805 321 911 388 preto-

115 408 137 458 3·
175 415 218 454 res
232 391 408 463 obtinuerint,
423 391 560 449 silentibus
574 405 698 450 veterum
712 394 910 463 monumentis,

174 471 249 534 certo
264 473 321 530 sciri
333 492 389 530 non
404 473 499 549 potest.
528 473 643 530 Interim
659 473 690 532 P.
704 472 827 530 Licinius
841 493 911 551 qua·

155 555 195 613 -st
213 554 248 612 ad
266 553 379 624 bellum,
400 573 456 610 non
475 572 540 611 cum
555 552 663 623 Perseo,
682 551 727 611 sed
746 573 810 612 cum
825 553 910 612 Grae-

173 637 213 698 cit
234 633 383 706 gerendum
404 633 495 692 missus
514 633 588 704 esset,
609 631 699 691 inanes
718 632 847 693 adversis
862 634 913 710 ju-

174 717 245 775 stum
262 715 366 779 hostem
386 715 436 773 iras
456 715 485 777 in
504 714 655 772 miseros&
672 713 775 771 vitibus
794 715 911 792 impires

174 796 267 867 vertit,
288 795 493 873 compluresque
506 796 535 854 in
547 796 662 866 Boeotia,
682 794 729 852 ubi
742 793 911 862 hibernabat,

175 877 254 935 urbes
269 878 433 956 expugnavit
447 883 472 935 δι
486 875 631 934 crudeliter
644 875 765 953 diripuit.
790 876 912 935 Coronei

177 957 297 1017 maximi
315 959 406 1016 vexati
424 978 510 1035 quum
528 956 562 1016 ad
583 957 701 1015 senatum
721 955 912 1029 confugissent,

177 1039 268 1098 Patres
290 1039 478 1109 decreverunt,
504 1052 535 1096 ut
556 1037 655 1115 captivi
676 1038 724 1114 qui
741 1037 790 1095 sub
811 1055 913 1095 corona

177 1121 318 1190 venissent,
338 1119 367 1176 in
381 1120 532 1176 libertatern
545 1119 752 1177 restituerentur.
787 1117 913 1176 Consulis

177 1199 364 1259 crudelitatem
378 1198 554 1256 &avaritiam
568 1197 689 1255 imitatus
702 1199 750 1269 esi,
770 1212 816 1255 aut
830 1198 913 1256 etiam

177 1280 310 1357 superavit
332 1279 474 1337 Lucretius
494 1292 604 1357 pretor,
629 1278 678 1356 qui
697 1277 767 1336 clasli
786 1294 910 1356 praeerat,

178 1359 305 1418 advertite
319 1359 404 1417 socios
421 1359 509 1430 ferox,
531 1359 600 1416 holli
614 1358 787 1436 spernendus.
820 1359 914 1437 Siqui-

177 1441 243 1500 dem
256 1441 362 1498 classem
376 1439 411 1496 nd
427 1442 533 1498 Oreum
546 1439 658 1498 stantem
673 1439 783 1498 adortus
801 1439 915 1517 repenti:

179 1521 304 1593 Perseus,
328 1541 410 1579 naves
432 1521 564 1579 onerarias
587 1520 755 1579 frumentum
776 1535 914 1598 portantes

178 1602 276 1674 viginti
289 1603 372 1680 cepit,
387 1602 503 1680 reliquas
517 1601 650 1680 depresfit,
664 1606 690 1659 dc
701 1614 818 1679 quatuor
831 1603 915 1660 etiam

198 1683 417 1762 uinqneremibus
437 1684 539 1759 potitus
561 1682 608 1742 est.
640 1683 696 1741 Res
716 1702 827 1760 quoque
848 1701 914 1760 pro⁴

238 1764 350 1835 egeslae
367 1765 397 1843 in
417 1763 537 1820 Thracia
557 1760 572 1819 Ξ
591 1763 694 1834 Perseo,
719 1783 806 1839 quum
825 1759 859 1820 ed
877 1762 915 1820 ad

181 1845 275 1918 Cotyn
294 1842 497 1900 defendendum
515 1841 642 1899 adversus
658 1842 778 1901 Atlesbls
797 1847 825 1900 dc
841 1843 914 1900 Cor-

181 1925 238 1993 rugi
252 1921 343 1997 copias
357 1921 512 1980 divertisset.
542 1921 606 1979 Nec
620 1921 687 1982 verti
697 1924 751 2000 ipse
764 1923 812 1981 libi
826 1924 915 2000 Cotys

180 2002 283 2073 deluit,
311 2002 354 2059 vir
377 2001 452 2059 -bello
476 2003 611 2075 strenuus,
639 2004 750 2062 consilio
773 2004 913 2082 prestans,

182 2083 280 2142 Thrax
294 2103 392 2154 genere
406 2082 472 2155 soto,
491 2102 547 2141 non
560 2084 693 2145 moribus.
722 2079 798 2143 Nam
813 2090 840 2142 δε
852 2085 915 2142 uni·

181 2184 222 2224 cae
235 2164 381 2222 sobrietatis
394 2183 426 2222 ac
440 2164 624 2242 temperantiae
637 2165 700 2237 suit,
716 2164 849 2243 idemque>
857 2166 914 2224 cle·

182 2245 283 2305 mentiti
298 2251 323 2303 δι
336 2245 523 2303 moderatione
536 2245 619 2303 animi
633 2244 712 2322 plane
726 2247 858 2306 amabilis.

183 2367 186 2371 ·
223 2342 251 2402 3.
274 2326 380 2383 Cunila
395 2327 488 2384 Perseo
503 2347 537 2385 ex
550 2340 617 2384 voto
631 2325 760 2386 fluebant.
795 2327 872 2386 Nam
882 2333 917 2386 ’δι

182 2419 248 2463 tunc
260 2407 437 2482 Epirotarum
451 2408 556 2476 gemin
569 2407 626 2482 ejus
637 2422 727 2484 partes
738 2407 848 2480 transiit,
869 2428 917 2465 au·

183 2488 257 2542 dlore
271 2486 405 2561 Cephalo,
426 2505 509 2562 quem
524 2501 615 2545 tamen
627 2486 661 2544 ad
673 2487 855 2546 delestionem
866 2507 918 2546 ne·

182 2565 282 2622 cessitas
294 2565 380 2636 magis
395 2565 539 2643 compulit,
560 2565 642 2644 quim
655 2570 789 2628 voluntas.
822 2570 851 2626 Is
864 2569 919 2627 sin·

182 2646 268 2718 gulari
280 2644 421 2723 prudentii
431 2651 456 2704 δι
467 2647 609 2705 constantii
621 2649 761 2726 praeditua,
775 2665 835 2708 tum
847 2670 918 2729 quo-

183 2748 238 2806 qne
250 2727 352 2806 optimi
368 2742 459 2805 mente
474 2743 537 2788 erat.
571 2729 649 2787 Deos
663 2732 737 2789 enim
751 2731 920 2790 immortales

183 2809 407 2885 precatussuerat
420 2824 451 2868 ut
463 2810 565 2868 bellum
580 2810 650 2869 iuter
662 2813 803 2870 Romanos
817 2818 843 2870 de
853 2813 920 2872 Per·

184 2887 225 2946 sea
239 2911 273 2948 ne
284 2890 456 2962 conflaretur,
469 2911 539 2950 neve
553 2891 589 2950 de
601 2890 705 2951 summa
716 2913 807 2951 rerum
823 2893 920 2952 decer·

183 2985 300 3028 neretur.
333 2973 373 3030 At
391 2985 487 3031 exorto
508 2972 590 3044 bello,
611 2973 733 3031 statuerat
753 2994 789 3031 ex
807 2974 920 3046 soederie

164 3049 337 3155 p'praescripto
347 3053 488 3115 Romanos
497 3054 611 3132 juvate:
631 3068 729 3135 praeter
743 3054 920 3118 foderim-
