1956 3736
165 194 205 273 '92
320 186 745 266 Literninum

73 334 148 388 uc.
168 319 198 377 in
223 316 328 377 Italiem
353 312 451 373 reverti
474 309 645 381 constituisse,
669 311 772 370 fretum
796 312 898 390 prIorei

85 405 145 463 476.
168 401 365 474 transjtrcerent,
391 399 418 450 δι
437 393 481 469 spe
502 391 602 470 praedae
625 393 654 448 in
679 395 840 470 opportunis
862 392 898 451 td·

74 471 144 517 Μ·
166 479 278 537 subitam
299 475 477 550 irruptionem
494 473 562 530 locis
582 472 767 534 consederunt.
811 475 846 532 In
864 493 897 531 eo

84 532 144 594 ²7⁶⁶
165 557 311 617 certamine
325 575 412 632 quurn
426 574 476 631 pro
490 553 564 610 solite
578 553 688 610 audacia
703 553 824 630 Pyrrhus
839 568 896 612 ante

165 640 252 715 prima
270 636 343 707 signa
361 650 502 712 pugnaret,
522 635 551 691 in
569 634 656 710 capite
669 635 768 691 vulnus
787 635 896 712 accepit.

165 717 214 777 Ad
227 716 304 795 quod
316 712 493 788 obligandum
503 733 590 791 quum
603 733 638 771 ex
647 714 705 771 scie
717 714 850 792 paulisper
861 714 897 773 se·

163 797 283 869 ceffrsset‚
303 795 416 874 quidam
437 795 553 854 hostium
571 793 757 865 magnitudine
778 795 898 872 corporis

165 884 191 937 δι
213 898 352 938 armorum
372 877 446 935 cultu
468 873 624 951 conspicuus
646 874 728 945 longi
749 889 813 933 ante
834 875 899 933 alios

165 979 330 1038 procurrens
349 959 497 1034 increpavit
512 975 577 1014 eum
595 954 663 1012 eluti
676 975 757 1027 voce,
775 957 897 1034 juffitque

165 1041 287 1119 prodire,
307 1039 452 1098 finiveret.
485 1035 529 1094 lbi
544 1036 662 1112 Pyrrhus
676 1035 773 1094 ardens
788 1038 839 1108 iri,
858 1037 901 1093 vi.

165 1122 249 1201 suque
269 1127 295 1178 δι
315 1134 440 1177 manante
459 1137 508 1194 per
528 1116 626 1175 faciem
645 1136 742 1175 cruore
762 1117 898 1188 terribilis,

166 1204 302 1280 impetum
322 1200 351 1257 in
372 1212 589 1276 provocatorem,
610 1197 704 1254 frustra
723 1198 898 1257 retinentibus

167 1283 230 1352 suis,
250 1281 346 1338 vertit:
368 1294 585 1354 occupatumque
598 1277 669 1335 1111111
684 1279 713 1334 in
726 1293 809 1355 caput
824 1279 900 1357 plagi

166 1360 318 1439 prosternit.
352 1358 498 1416 Memoriae
517 1356 656 1434 proditum
670 1359 716 1429 est,
738 1379 801 1417 earu
819 1359 900 1431 gladii

167 1441 340 1518 temperiem,
360 1458 474 1516 eamque
488 1437 544 1496 viru
556 1437 675 1495 ferientis
687 1439 775 1511 fuisse,
797 1455 829 1498 ut
842 1440 900 1498 iusi-

167 1541 247 1583 mum
261 1521 296 1578 ad
309 1540 407 1597 corpus
420 1519 532 1576 vulnere
546 1519 712 1590 continuato,
734 1520 855 1596 pertibus
869 1540 900 1578 u·

168 1603 287 1682 trimque
300 1601 489 1671 dilabentibus,
510 1599 633 1665 medium
646 1600 790 1659 homiuem
804 1601 900 1660 eodem

169 1685 225 1742 istu
247 1684 393 1741 dissecaret.
435 1683 502 1756 Ejus
525 1679 665 1757 spectaculi
687 1680 761 1739 sordi
783 1683 900 1740 novitate

169 1764 283 1841 perculsi
298 1764 396 1832 hostes,
417 1766 442 1817 &
460 1775 490 1818 ut
504 1763 636 1836 majorem
651 1763 795 1820 communi
812 1763 901 1821 honri·

168 1863 236 1902 num
250 1843 319 1900 sorte
332 1844 423 1899 virum
437 1841 555 1912 reveriti,
575 1861 695 1918 pugnarn
710 1842 868 1903 omiserunt.
892 1868 895 1877 ·

38 1966 42 1979 ..
209 1923 327 1979 XXIII.
355 1920 473 1996 Pyrrhus
494 1921 545 1978 hac
568 1923 687 1980 molestis
709 1922 823 1996 solutus,
848 1940 901 1983 nou

166 2000 234 2060 ideo
252 2002 339 2059 laetior
357 2000 462 2070 agebat.
506 2000 592 2079 Qrbd
611 2004 684 2060 enim
706 2023 767 2080 pars
785 2005 901 2082 impedi·

170 2095 326 2142 mentorum
340 2082 388 2139 isio
398 2081 493 2158 praelio
506 2081 597 2140 amissa
609 2097 676 2154 erat,
696 2087 723 2141 u
736 2104 804 2162 opes
815 2105 850 2145 ex
861 2086 901 2144 Si·

169 2165 240 2223 ciiiae
253 2163 342 2242 spoliis
356 2177 442 2240 partas
456 2162 554 2239 prioris
568 2183 633 2221 cum
647 2164 733 2223 Poeno
746 2185 848 2242 pugne
859 2187 901 2225 or·

99 2241 102 2245 ¹
169 2246 212 2304 sus
231 2247 424 2322 interceperat
445 2243 474 2300 in
492 2263 587 2315 magna
602 2245 642 2302 rei
655 2248 819 2304 nummariae
832 2247 902 2306 diffi.

170 2325 285 2397 cultate,
311 2345 398 2403 quum
423 2324 591 2400 poscentibus
616 2325 745 2403 stipendia
772 2329 902 2387 militibus

170 2425 226 2464 non
240 2407 304 2462 esset
316 2404 388 2462 unde
406 2404 598 2481 praeberentur,
619 2404 722 2463 dicatos
737 2407 903 2486 Proserpinae

165 2486 305 2543 thesauros
322 2485 432 2560 spoliare
448 2486 556 2542 condius
575 2486 620 2542 est.
661 2487 769 2546 Fanum
788 2488 858 2547 illud
874 2510 901 2547 t·

170 2565 229 2643 pud
242 2564 388 2622 Locrenses
400 2565 528 2640 opinione
541 2566 682 2626 11111111
696 2566 903 2629 celeberrimum

172 2647 205 2704 iis
217 2644 384 2722 temporibus
399 2644 460 2702 suit.
477 2644 569 2720 Quam
583 2647 721 2706 civitatem
735 2668 824 2725 quum
836 2652 902 2727 Pyr·

171 2727 236 2786 rhus
251 2725 374 2784 animatis
387 2726 523 2802 praesentii
534 2726 578 2784 suri
589 2727 669 2798 regiae
679 2727 802 2787 fasiionis
815 2731 902 2790 honri·

172 2808 253 2866 tribus
267 2806 423 2884 recepiffet3
443 2806 527 2865 multa
541 2808 570 2865 iu
584 2807 731 2865 Locrenses
750 2808 825 2867 soeda
839 2812 902 2869 saci·

170 2907 238 2944 nora
256 2887 352 2960 edidit,
373 2886 497 2964 cupidius
516 2894 541 2945 δι
561 2888 649 2958 latiis,
670 2886 754 2964 quim
771 2889 918 2949 intersesii¹

166 2967 286 3042 -praesrdii
308 2968 449 3045 postularet
469 2965 547 3039 ultio,
568 2968 686 3026 caedibus
706 2974 731 3025 &
754 2972 855 3047 rapinis
875 2972 901 3028 in

170 3044 281 3112 rn‘seros
293 3047 429 3126 grassatus.
452 3047 595 3131 Postquam
607 3062 699 3115 ruem
712 3050 782 3136 111111
794 3051 900 3131 supereg
