1956 3736
203 173 224 232 4
356 154 775 234 J.Firrrsorurr

111 292 145 344 υ.
158 299 185 345 e.
206 285 274 344 sunt.
316 283 346 343 Is
365 283 437 343 enim
458 284 571 355 veritus,
595 302 631 341 ne
652 291 762 358 propter
781 297 841 338 rem
863 274 934 337 mali

122 364 180 419 4⁶0·
206 365 305 436 gestam
325 338 394 423 ὥς
414 364 450 421 ab
470 364 590 422 exercitu
609 370 805 431 removeretur,
825 358 861 417 ab
881 360 935 435 ipln

111 427 141 471 Α·
154 429 181 473 ‘³‘
205 444 315 521 quidem
335 443 413 519 culpa
433 442 574 522 purganda
595 439 867 518 penitus'abstinuit:
890 437 934 497 sed

121 499 179 550 ψ’
203 525 247 582 sua
260 529 286 580 be
300 524 435 597 majorum
454 526 549 583 merita
567 520 686 580 modeste
703 538 932 590 commemorans,

200 616 256 661 tam
268 603 386 659 acerbam
391 603 447 678 fibi
453 607 511 682 jam
517 604 587 677 seni,
603 614 657 658 tam
670 599 861 675 ignominiosam
868 617 933 673 gen·

201 686 226 738 ti
239 683 331 740 Fabiae'
348 695 434 740 notam
453 681 654 760 deprecabatur.
697 680 788 755 Neque
804 692 891 737 tamen
901 677 934 752 sc

198 762 339 837 postulare,
360 775 390 818 ut
405 767 496 820 ceteris
510 775 548 819 tot
560 762 658 831 Fabiis,
680 763 725 835 qui
738 761 771 816 ab
784 758 843 834 ipfis
853 770 933 834 prope

202 842 275 898 urbis
285 842 435 915 primordiis
448 844 588 899 Romanam
602 860 657 897 rem
671 843 774 896 uirtute
787 838 933 914 confilioque

201 924 333 996 auxissent
342 947 350 988 ;
373 935 402 978 ut
416 927 538 980 trecentis
553 925 631 978 etiam
649 921 712 990 illis,
734 922 779 993 qui
792 917 934 994 rempubli,

201 1021 258 1058 cam
273 1000 329 1074 suci
350 999 384 1058 ὅ
402 1000 505 1060 tontim
525 1021 575 1059 uon
594 1000 710 1075 uniuerst
730 1002 838 1056 nominis
857 999 932 1055 Fabii

201 1085 375 1138 internecione
388 1081 520 1155 texissent,
542 1099 616 1136 error
629 1083 705 1136 unius
720 1079 873 1135 condonetur
881 1102 891 1144 ;
904 1075 932 1153 fi

202 1161 393 1217 immedicabilis
404 1161 449 1216 ille
454 1162 505 1234 stt,
526 1160 656 1238 majusque
667 1157 816 1216 commodum
830 1176 865 1215 ex
872 1171 930 1233 por·

201 1259 238 1295 na
249 1238 308 1314 filii
318 1239 366 1311 sui
387 1238 464 1313 quim
482 1239 659 1296 incolumitate
675 1250 864 1314 prouenturum
884 1236 934 1311 effe.

200 1319 342 1375 uideatur:
356 1318 389 1390 se
402 1323 469 1389 enim
483 1323 621 1375 caritatem
635 1322 738 1394 patria
750 1317 885 1391 affeiiibus
899 1337 931 1372 a·

199 1398 246 1459 liis
266 1398 378 1454 amnibus
398 1401 533 1473 anteferre
545 1399 615 1473 satis
632 1398 754 1472 didiciffe.
789 1395 885 1454 Verim
904 1415 931 1454 e·

200 1481 328 1548 nimuero,
350 1478 475 1552 quidquid
489 1482 518 1535 in
537 1478 583 1534 boc
601 1478 754 1552 adolescente
771 1477 931 1536 metuendum

193 1558 268 1632 suit,
289 1558 449 1631 marsallum
466 1559 518 1634 est:
539 1558 603 1614 bona
621 1571 717 1628 autem,
739 1576 799 1632 quae
812 1577 882 1614 ment
894 1558 931 1617 il-.

189 1637 250 1694 'lius
261 1637 411 1712 indolisque,
427 1659 457 1694 ac
463 1639 514 1711 sub
526 1658 566 1695 mc
579 1657 628 1695 non
639 1637 788 1711 ineptifflmo
799 1638 933 1711 magistra,

201 1720 244 1774 uti
258 1718 328 1774 uobis
345 1718 415 1791 uisus
428 1718 499 1791 sum,
520 1719 640 1791 instituto
657 1713 692 1774 ξπ*
707 1719 825 1774 exercita
843 1719 932 1775 uirtus

197 1795 364 1870 pollicentur,
390 1795 474 1853 adbuc
494 1798 638 1871 exspeitari
654 1796 767 1872 pmsunt,
792 1796 843 1871 nist
856 1798 932 1872 spem.

198 1873 283 1947 osiam,
300 1893 349 1930 nan
364 1875 462 1948 quidem
476 1871 578 1950 iniqui,
589 1875 641 1948 sed
650 1889 737 1932 tamen
750 1875 931 1952 intempestivi

188 1953 339 2028 seueritate
352 1953 531 2028 pracidimus.
567 1955 664 2011 Multis
683 1959 759 2012 initia
776 1975 866 2014 rerum
880 1975 929 2030 gt-

197 2031 337 2090 rendarum
351 2034 488 2109 impegiffe,
509 2034 546 2090 ad
555 2035 722 2109 prudentiam
736 2031 772 2092 ὅ
788 2041 929 2094 cautionem

193 2114 321 2189 profuit:
347 2117 392 2189 qui
417 2117 515 2172 erroris
538 2114 677 2186 admoniti,
703 2114 840 2174 mediocria
854 2117 930 2192 sapa

198 2193 292 2252 damrm
305 2197 407 2268 ingenti
419 2195 537 2252 utilitate
549 2195 720 2255 redemerunt.

204 2310 207 2315 -
240 2273 298 2333 VI.
321 2276 358 2332 Et
373 2274 453 2348 nescio
469 2295 504 2332 an
518 2295 568 2332 non
581 2275 746 2349 alfortunae
754 2279 842 2351 patius
855 2280 928 2335 inui-

197 2351 278 2422 diam,
299 2353 376 2427 quim
393 2354 501 2412 bominis
519 2355 664 2431 cujusquam
679 2367 812 2430 peccatum
827 2359 929 2430 referri

197 2435 287 2487 uerius
315 2446 349 2503 rt,
369 2429 436 2506 quid
446 2429 482 2490 &i
496 2435 646 2508 reipublice
660 2436 764 2509 nostra,
786 2432 822 2492 ἔθ’
837 2437 929 2494 Fabia

191 2513 280 2581 gentis
296 2511 422 2567 diuturna
432 2513 554 2584 felicitas
571 2514 692 2570 mediocri
709 2513 863 2572 detrimento
882 2536 926 2574 ca-

189 2589 292 2664 stigata
303 2591 353 2665 est:
372 2608 515 2665 quanquam
525 2593 700 2650 benevolentia
710 2598 792 2667 magis
800 2594 861 2653 bac
870 2597 926 2655 dm-

197 2687 268 2742 rum,
293 2668 371 2744 quim
389 2672 492 2728 invidia
511 2673 625 2730 vocanda
638 2672 690 2748 stt,
716 2676 788 2751 cujm
808 2677 928 2753 beneficio

196 2747 320 2807 adversis
335 2752 494 2810 exitiabilem
503 2753 665 2828 superbiam,
686 2770 746 2826 quae
762 2774 805 2811 res
818 2755 928 2814 nimiim

187 2829 316 2902 secundas
330 2831 409 2907 sequi
422 2832 517 2906 solet,
531 2852 582 2891 uon
601 2844 656 2889 tam
675 2832 796 2892 damnosi
819 2841 928 2896 civitati

196 2908 277 2979 clade,
302 2909 380 2985 quim
399 2913 437 2968 od
455 2913 628 2972 decrementum
638 2909 749 2984 efficaci,
775 2917 926 2974 conditionis

100 3002 103 3005 ’
193 2984 318 3047 bumana
330 2990 500 3054 admonemur.
536 2990 673 3070 Quidquid
682 2992 712 3049 id
723 2995 768 3072 est,
790 2997 925 3073 Quirites,
