1956 3736
163 163 348 225 Surrunu.
371 163 407 224 L.
419 164 540 224 XVIII.
563 152 724 227 Lrv'rnn.
753 185 808 226 201

76 295 189 366 ducere,
211 296 288 371 cujus
303 295 403 355 barritu
420 298 571 370 exterritus,
593 303 619 357 δι
632 297 714 357 invisi
727 297 893 376 speciem

77 391 176 447 tortus,
196 396 247 433 nec
269 377 372 449 animo,
393 398 444 437 nec
465 398 578 455 corpore
597 379 683 456 posset
705 380 811 457 requie·
831 392 890 439 497·

77 457 159 517 scere.
176 455 333 534 postremi
325 474 362 516 na
374 474 538 518 maceratum
553 462 770 540 exagitatumque
783 446 893 570 iniq?
947 514 959 525 κ

75 538 617 699 “ii‘bfilbllsssssib‘sln
630 621 690 679 snt
702 621 814 693 mni,

77 718 138 757 non
151 697 246 756 dolore
265 698 377 758 modb
370 703 483 773 urgenti,
504 701 549 759 sed
569 703 650 760 etiam
664 718 751 774 metu,
773 702 823 760 ci-

76 781 192 838 vitatem
207 781 388 855 perculerunt
410 783 554 842 timebatur
569 783 642 840 enim
654 802 689 841 ue
700 781 815 840 Cartha·

77 859 211 932 ginienses
228 861 371 920 acerbitate
393 863 576 922 calamitatum
591 862 708 933 suerum,
729 868 754 918 δι
770 863 814 921 vi-

77 940 173 999 eloriae
192 940 290 999 fiducia
307 943 433 1004 stimulati
451 943 564 1001 reddere
577 942 667 1001 vicem
685 941 815 1015 hoslibur,

78 1026 118 1092 u,
140 1020 207 1098 quid
220 1021 355 1082 malorum
372 1024 489 1101 perpessa
504 1022 641 1094 Carthago
653 1021 734 1093 soret,
756 1022 816 1081 Ro·
923 1090 926 1093 ,

80 1120 171 1160 manae
189 1102 249 1160 urbi
263 1103 504 1180 persentiscendum
526 1105 590 1164 dure
610 1117 749 1179 cuperent,
769 1122 817 1162 au·

80 1181 240 1261 detentque.
283 1185 374 1263 Qare
401 1186 553 1246 consulibus
576 1183 716 1244 mandavit
743 1184 816 1242 sena-

82 1275 139 1332 tus,
160 1276 188 1320 ut
203 1264 309 1322 stadam
322 1264 400 1341 quim
413 1267 511 1342 poffcnt
529 1264 716 1343 ssligemifflmi
730 1267 815 1323 muni-

80 1355 144 1400 rent
159 1344 307 1420 praefidiis:
328 1346 377 1422 ipst
396 1366 452 1404 cum
471 1349 581 1407 navibus
598 1344 676 1423 quim
692 1346 817 1422 plurimis

80 1423 212 1495 Siciliam,
237 1426 306 1494 inde,
326 1425 356 1501 st
374 1428 517 1499 videretur,
539 1430 663 1502 Africam
683 1427 815 1498 adeuntes,

81 1505 178 1561 Panos
197 1506 230 1562 ab
249 1507 332 1562 Italia
350 1507 460 1580 petenda
480 1511 599 1582 propiore
621 1521 691 1564 metu
712 1507 739 1562 di
760 1512 817 1566 ine·

80 1596 152 1643 rent.
187 1585 319 1642 Ceterum
332 1585 592 1656 Carthaginiensibus
606 1587 741 1662 antiquior
755 1603 820 1645 eura

80 1665 135 1725 fuit
152 1665 274 1723 civitates
288 1663 304 1721 i
319 1665 452 1722 Romanii
465 1679 607 1743 occupatas
619 1667 755 1742 recipere3
778 1667 820 1724 A·

81 1746 139 1807 stou
154 1745 203 1822 qui
219 1743 277 1805 ise
290 1744 326 1801 ad
339 1745 428 1804 hostes
442 1744 607 1807 desciverunt
623 1747 753 1805 munere
761 1770 771 1815 ι
791 1745 822 1806 io

81 1826 231 1887 rebellione
247 1825 410 1902 persistentes
424 1827 460 1885 ad
473 1827 632 1906 obsequium
644 1827 725 1885 armis
736 1846 822 1900 coge·

82 1927 124 1966 re.
147 1906 201 1963 Sed
213 1906 318 1984 Clupea
331 1907 443 1984 quidem
454 1908 488 1966 ab
503 1909 636 1968 Romanis
650 1906 755 1968 strenue
769 1909 820 1968 de·

82 1985 158 2045 sensa
172 1987 223 2044 esl:
244 1987 273 2044 in
288 1987 433 2060 Numidia,
454 1989 563 2064 aliisque
582 1991 690 2066 populis
706 1990 820 2060 Asricae,

83 2085 216 2136 magniun
234 2068 320 2139 magis
340 2068 454 2140 bellum,
476 2068 558 2146 quim
575 2069 691 2126 difficilis
709 2070 820 2127 visioria

82 2148 148 2207 suit.
851 2183 857 2189 -

128 2226 271 2288 XXXIV.
295 2229 402 2287 Interea
419 2248 504 2306 quum
519 2228 547 2285 in
561 2227 639 2286 Italia
656 2226 774 2285 validam
792 2247 822 2284 a·

83 2308 195 2367 domari
214 2309 321 2367 classem
340 2310 538 2387 comperissent,
561 2309 656 2368 omissi
669 2327 751 2386 quam
772 2308 823 2366 ob-

85 2388 208 2449 sederant
228 2390 341 2467 Clupei‚
367 2411 448 2449 naves
468 2404 572 2450 veteres
592 2391 713 2462 reficere,
738 2408 825 2448 novar

87 2470 267 2542 ercaedificare,
288 2471 323 2529 ad
345 2472 530 2550 prohibendos
547 2471 645 2530 Africo
666 2471 745 2529 litore
762 2470 824 2530 Ro·

86 2570 182 2609 manos
193 2551 286 2608 omnia
296 2551 413 2611 studiosi
425 2573 517 2631 parare
528 2568 679 2631 coeperunt.
703 2554 743 2611 At
755 2571 826 2612 con·

86 2631 155 2690 sules
173 2632 325 2690 incredibili
344 2633 484 2706 diligentie
498 2649 603 2692 tantum
617 2635 772 2703 effecerant,
792 2646 826 2692 ut

86 2713 181 2771 estatis
202 2712 279 2770 initio
299 2733 380 2771 naves
398 2716 456 2789 jam
477 2728 607 2772 trecentas
629 2712 825 2790 quinquaginta

85 2794 224 2853 instructas
239 2793 393 2870 ornatasque
405 2794 544 2853 haberent.
566 2792 747 2870 quibuscum
740 2812 769 2849 ιιι
780 2791 825 2849 Si·

86 2873 179 2930 ciliani
200 2874 325 2950 proseili,
347 2873 487 2952 postquam
506 2875 546 2932 ibi
566 2874 626 2930 satis
645 2887 702 2930 tnta
720 2874 827 2946 omnir

88 2952 211 3035 nihilque
224 2956 299 3027 mali,
321 2969 501 3033 preterquam
515 2950 614 3034 quod
606 2973 635 3011 m
649 2952 825 3038 exspeiiatio-

86 3037 253 3096 nestorem
263 3037 361 3110 fuerat,
378 3035 543 3128 reperissent,
560 3034 690 3136 praesadiiu
704 3035 752 3099 ubi
764 3044 825 3096 ruu-
