1956 3736
99 157 102 161 ’
169 165 692 229 Suernen.L.X1X.L1v1an.
740 181 794 243 ²3¹

63 301 209 359 celeritatis
227 299 333 359 eximiae
351 298 633 378 comprehenderetur.
671 298 750 357 Licet
769 319 797 357 e·
807 308 838 351 U.
850 310 881 355 c.

64 382 125 438 nim
139 380 198 438 aliia
215 380 334 457 partibus
351 380 437 438 moles
451 380 467 438 ai
480 381 610 438 Romania
625 380 710 454 jadlas
724 381 798 437 venti
818 385 876 426 50²·
895 388 900 396 ’

65 466 98 518 ac'
112 460 193 519 undae
209 461 389 536 raptaviffent,
409 480 465 519 uno
482 473 573 518 tamen
589 461 664 532 loeo,
684 459 730 518 nbi
745 461 798 518 mi·
809 439 878 559 ἵζ’

64 540 115 600 nde
143 541 311 618 profundum
336 560 410 601 mate
430 541 531 610 fuerat,
556 541 738 599 constiterunt.
772 543 798 597 ei
864 530 875 552 ‘

64 621 145 680 dorso
163 622 281 697 impetita
298 621 373 679 navia
394 641 482 700 quum
499 620 665 691 obtusum,
685 636 763 698 capta
782 619 799 679 ἰ

10 702 24 715 ’
64 700 198 761 Romania
216 702 376 779 optimoque
390 700 476 760 milite
493 701 647 770 &remigio
661 701 796 772 instrusta,

63 782 146 840 etiam
163 781 293 840 Annibali
311 783 425 840 exitium
443 781 544 840 attulit.
584 781 696 857 Qtippe
714 782 798 839 noeto

63 859 134 918 forte
157 861 285 933 ingreffue
305 863 413 932 urbem,
438 881 525 938 quum
545 861 574 917 in
595 859 684 918 reditu
708 859 800 936 palam

62 941 187 1012 solvisset,
208 941 462 1019 quadrirememque
479 941 555 998 istam
574 939 609 996 ad
630 959 725 997 ornnes
745 940 800 998 suae

61 1021 137 1080 navia
157 1037 248 1079 motus
264 1021 386 1078 similiter
404 1033 591 1078 occurrentem
605 1018 720 1090 videret,
740 1021 799 1076 ani-

64 1099 204 1173 madverso
220 1100 308 1160 statim
327 1101 448 1179 periculo
464 1100 568 1171 fugere,
588 1105 626 1171 lc,
647 1119 733 1177 quum
745 1099 802 1158 linc

62 1181 157 1243 frustra
179 1181 253 1253 effet,
273 1201 422 1258 repugnare
442 1193 565 1252 conetur,
587 1180 616 1237 in
636 1179 801 1240 validiorum

61 1260 221 1338 potel'utem
233 1262 318 1320 venit.
345 1261 465 1322 Romani
477 1260 528 1320 hac
540 1279 650 1340 quoque
663 1279 733 1319 nave
745 1278 799 1338 po-

62 1339 117 1413 titi,
139 1341 250 1418 parique
263 1341 349 1400 modo
362 1341 398 1401 ed
415 1340 610 1401 observandum
629 1340 724 1418 ponte
737 1339 800 1402 adi·

61 1427 123 1479 t'um
137 1419 187 1490 usi,
209 1440 243 1479 ne
259 1441 321 1499 quar
336 1421 464 1499 deinceps
477 1441 558 1480 naves
574 1421 729 1499 Lilybaeum
746 1438 799 1500 pe·

60 1515 167 1560 netrare
180 1499 294 1576 poffeut,
308 1500 386 1558 facille
401 1501 608 1578 prohibuerint.
639 1502 740 1560 Acrior
753 1501 800 1561 iu·

64 1581 101 1642 de
115 1581 156 1639 vir
174 1579 353 1650 obfidentium
366 1580 418 1639 effe
431 1580 531 1657 coepit:
552 1579 693 1658 adortique
707 1580 800 1639 muni·

62 1676 155 1720 menta
174 1661 305 1731 Romani,
327 1680 389 1738 quae
409 1659 478 1720 mari
498 1660 693 1751 trichaptum,
714 1678 798 1720 omne

64 1740 236 1802 defensorum
254 1760 353 1814 agmen
372 1740 408 1801 erl
427 1738 526 1801 tuenda
544 1740 689 1822 locaque
708 1759 800 1818 oppu-

63 1823 213 1894 gnabantur
226 1837 387 1900 pertraxere.
423 1821 468 1880 Sic
481 1821 525 1879 via
538 1821 606 1880 falla
621 1820 732 1900 reliqna
747 1840 808 1881 co·-

78 1903 127 1972 f‘e,
143 1923 204 1979 quae
215 1913 251 1962 'ex
263 1903 365 1964 diversa
377 1912 456 1982 perte
467 1902 599 1965 occasioni
611 1900 799 1967 huictnttdta·

119 1995 173 2050 tur,
192 1997 223 2039 ut
240 2003 350 2043 murum
369 1984 531 2044 exteriorem
550 1992 684 2060 cuperent.
710 1991 806 2059 qum«

62 2079 147 2138 quam
168 2059 198 2118 id
216 2060 309 2119 frustra
328 2061 391 2119 fuit.
416 2063 516 2138 quippe
535 2062 594 2121 dux
613 2063 714 2121 Poeuua
733 2080 807 2124 cutia·

64 2140 176 2201 deledlis
201 2141 310 2199 suorum
336 2139 494 2216 tempestive
521 2146 683 2212 accurrens,
712 2141 801 2203 mult!

63 2241 128 2280 oum
147 2220 222 2279 caede
243 2235 363 2280 tenentes
383 2221 476 2278 locum
496 2220 638 2279 Romanos
657 2220 761 2296 rejecit.
803 2258 808 2278 2

80 2357 84 2365 ,
104 2302 175 2361 XV.
198 2301 263 2358 Alia
276 2299 375 2362 deinde
388 2302 474 2377 major
485 2300 594 2359 fortuna
606 2300 680 2377 spem
696 2299 808 2361 obseffie·

64 2381 192 2441 universe
212 2381 333 2441 victoriae
357 2380 443 2441 dedit.
471 2379 568 2441 forte
587 2394 733 2445 ventorum
755 2382 809 2440 in-=

64 2481 130 2532 gens
150 2463 190 2520 vis
212 2477 306 2521 exorta
325 2461 423 2532 fuerat,
443 2459 512 2518 adeo
530 2460 616 2521 veluti
634 2461 705 2529 dart,
716 2462 811 2539 operi»

64 2542 255 2600 Romanorum
272 2542 433 2605 incumbens
452 2539 594 2610 machinis,
615 2557 646 2601 ut
662 2548 687 2600 δι
706 2543 811 2605 vineta·

65 2635 196 2697 quateret,
218 2626 243 2678 δι
256 2623 321 2698 ipsas
336 2639 422 2681 turrea
436 2620 465 2679 in
477 2621 608 2697 capitibus
622 2642 716 2683 earum
729 2624 809 2683 ll1·u·=¹

66 2702 121 2758 etas
135 2700 306 2759 convelleret.
340 2703 410 2760 Non
427 2700 521 2758 fefellit
534 2721 565 2758 ea
578 2720 621 2758 res
635 2702 800 2779 oppidanos,

64 2781 234 2855 deorumque
250 2800 362 2838 munere
376 2781 493 2839 oblatam
507 2779 556 2838 sibi
568 2781 799 2858 opportunitatem

64 2859 221 2928 credidere,
249 2860 302 2937 qul
329 2862 408 2921 toties
428 2860 522 2920 frustra
544 2861 651 2918 tentatie
673 2863 798 2938 operibue
836 2920 839 2927 ,

65 2942 158 3011 ignem
170 2939 320 3013 injicerent.
335 2940 427 3019 itaque
440 2940 571 3018 tripartito
585 2941 691 3012 agmine
706 2962 798 3005 erum.

63 3035 142 3098 punt,
161 3019 244 3093 saeos,
263 3025 363 3102 &quae
375 3021 473 3087 alendo
474 3021 547 3164 llgni
560 3037 727 3100 paraverant,
740 3025 801 3089 m.

526 3120 544 3163 2
