1956 3736
171 137 229 195 288
326 136 752 213 J.Fnarusrrar.rrr

72 281 147 328 tic,
166 261 231 322 sulas
251 261 266 320 ἰ
286 263 437 323 recentibus
457 267 483 320 δι
505 262 600 339 paratis
622 263 730 338 excepti
755 263 824 331 sunt,
847 258 889 318 sesli

84 359 140 405 5²7·
167 346 254 416 cursu,
274 351 299 402 Ic
311 344 432 413 consilio,
453 360 484 401 ut
498 344 568 400 inre
581 344 753 419 necopinata,
776 343 889 400 destituti.

73 417 94 458 Δ
115 418 142 459 ⁰·
198 425 252 482 uod
265 444 350 482 unum
365 424 509 500 supererat,
530 423 677 501 pugnando
697 426 767 481 tueri
783 425 891 492 salutern,

82 491 132 537 2²5

134 514 140 528 '
166 520 212 562 aut
225 505 361 562 vindicare
376 505 530 576 sanguinem
547 504 669 562 statuere.
693 503 739 562 sed
760 522 856 582 praeter
870 523 892 558 t-

164 585 200 641 lia
223 604 337 642 numero
356 606 467 663 quoque
486 585 656 642 vincentibus
680 584 791 656 Gallis,
816 585 893 662 plures

163 667 207 722 sex
226 665 344 724 millibus
364 669 392 722 in
411 666 474 724 loco
493 684 591 742 pugnae
611 664 712 721 concisr
727 665 800 735 sunt,
822 665 893 723 ceteri

163 745 301 817 fugerunt.
323 747 400 805 Galli
413 746 548 804 munitum
562 744 712 822 quemdam
722 746 836 817 collem,
848 764 893 822 quo

164 826 291 905 pleraque
312 827 475 900 fugientium
499 826 576 884 turba
599 825 781 897 concesserat,
810 844 893 903 capere

164 910 265 975 conatI,
279 909 418 986 postquam
432 908 565 965 noslurno
577 907 673 964 itInere
686 905 841 985 diumique
854 927 894 983 pu·

163 989 217 1060 gni
230 990 300 1047 vires
315 989 451 1048 exhaustas
467 986 576 1058 sensere,
597 986 632 1044 ad
650 1006 771 1064 corpora
788 986 895 1046 curanda

163 1070 317 1129 abluerunt:
343 1069 432 1128 relisti
446 1083 520 1146 parte
532 1067 665 1145 equitum,
687 1087 753 1144 quae
766 1070 896 1127 tumulum

164 1150 308 1222 obsideret,
329 1149 456 1227 postridie
470 1150 497 1206 vi
513 1164 558 1206 aut
576 1147 719 1206 deditione
733 1148 810 1207 haud
824 1148 896 1208 dubii

163 1230 192 1288 in
207 1233 362 1306 potestatem
378 1227 565 1300 redigendum.
602 1228 637 1286 In
655 1228 712 1286 hoc
729 1229 847 1289 articulo
858 1250 895 1288 re·

162 1331 224 1368 rum
247 1313 283 1371 L.
296 1311 428 1369 AErnilius
449 1308 541 1368 consul
563 1307 678 1387 optabili
701 1310 796 1386 potitis
822 1309 897 1389 quim

162 1391 264 1467 sperato
279 1391 337 1449 casu
351 1390 513 1467 supervenit.
543 1389 620 1448 Nam
634 1388 669 1447 ad
682 1389 789 1449 famam
802 1392 896 1450 adven·

161 1471 277 1530 tantium
292 1472 438 1530 Gallorum
454 1471 613 1531 Ariminum
624 1469 729 1541 missus,
745 1471 896 1532 defensurus

88 1545 98 1571 ’
161 1552 296 1612 Adriatici
316 1552 402 1612 litoris
419 1572 506 1622 oram,
526 1552 668 1630 postquam
682 1552 785 1611 urbem
800 1552 896 1612 audivit

161 1633 229 1711 peti,
256 1635 360 1707 magnis
381 1633 521 1690 itineribus
543 1633 672 1691 Arimino
694 1632 847 1711 profestus,
866 1632 898 1692 ad

161 1733 193 1772 ea
205 1714 265 1772 loca
280 1715 350 1772 boni
361 1712 479 1791 quadam
493 1713 599 1772 fortuni
613 1728 786 1791 pervenerat,
801 1720 828 1774 ἀ
838 1736 895 1792 par·

160 1813 197 1851 vo
210 1793 243 1852 ab
257 1794 376 1853 hostibus
387 1793 529 1851 intervallo
543 1793 624 1852 castra
639 1807 758 1853 metatus
771 1795 865 1856 suerat.

200 1874 378 1933 XXXVIII.
408 1873 509 1930 Obsessi
529 1893 563 1931 ex
584 1873 693 1946 ignibus
713 1874 749 1933 ab
768 1894 800 1934 ea
821 1889 894 1954 parte

154 1951 316 2028 conspeslis,
337 1952 366 2010 id
384 1952 545 2029 quoderat,
567 1953 729 2015 Romanum
748 1956 893 2017 exercitum

157 2033 257 2092 uenisse
276 2033 472 2111 conjicientes,
485 2033 616 2112 quosdam
635 2036 749 2095 suorum
770 2039 892 2097 miserunt

157 2115 213 2174 fine
225 2116 318 2187 armis,
338 2112 394 2194 quo
412 2114 517 2173 facilius
535 2115 653 2175 hostium
672 2117 803 2177 excubias
822 2119 892 2177 salle·

158 2210 229 2257 rent.
266 2196 310 2255 Ex
327 2197 371 2254 his
390 2196 501 2267 cognito
514 2215 606 2256 rerum
621 2195 687 2255 statu
705 2198 812 2271 consul,
832 2200 893 2258 cina

156 2278 311 2350 longiorem
324 2276 557 2348 deliberationem,
575 2296 659 2355 quam
670 2296 761 2356 neque
774 2300 830 2352 res,
847 2300 891 2338 ne·

157 2379 212 2437 que
230 2374 337 2435 tempus
351 2356 464 2429 serebat,
485 2357 572 2424 statim
586 2358 645 2417 orti
659 2357 722 2416 luce
739 2379 806 2421 curn
821 2361 891 2439 equi·

157 2454 214 2496 tatu
228 2438 355 2514 praecelIit
365 2438 400 2495 ad
412 2438 560 2509 tumulum,
572 2437 686 2497 tribunis
698 2439 821 2500 militum
832 2459 891 2500 curn

109 2530 114 2537 ’
156 2518 305 2589 legionario
319 2518 405 2576 milite
420 2518 493 2596 sequi
503 2519 587 2594 jussis.
624 2517 724 2578 Gallos
736 2522 796 2596 jam
811 2521 891 2582 iidem

155 2599 232 2671 ignes
245 2597 441 2658 admonuerant
458 2598 493 2656 de
510 2598 628 2658 adventu
643 2600 848 2675 Romanorum,
866 2607 889 2660 u

155 2680 191 2739 ad
207 2680 349 2738 confilium
362 2680 398 2737 de
412 2678 585 2756 praesentibus
598 2682 755 2752 coegerant.
787 2684 834 2743 Ibi
847 2701 890 2742 rex

156 2762 320 2820 Anero'e‘stus
336 2760 421 2831 suasu,
442 2779 475 2817 ne
488 2779 578 2835 agmen
591 2760 785 2838 Iocupletifflmci
796 2761 890 2841 prada*

156 2843 271 2916 onustum
285 2843 421 2919 objicerent
434 2840 499 2916 hosti
508 2865 517 2899 .·
531 2841 584 2917 sed
596 2843 694 2899 domum
713 2843 828 2921 dr'greffi,
848 2846 889 2906 de·

152 2920 237 2997 posttei
254 2919 359 2997 praedti,
373 2921 402 2998 fi
419 2922 563 2980 bellandum
581 2920 656 2980 ultrei
675 2923 825 2999 videretur,
845 2945 888 2986 ex·

150 3001 237 3076 pediti
246 3003 373 3068 redirent.
395 3003 512 3065 Probata
526 3003 560 3067 ab
574 3002 701 3069 omnibus
715 3005 832 3083 consilio
844 3027 888 3070 ιιι·
