1956 3736
212 211 252 271 72
364 193 394 268 J.
428 192 829 250 Faesusnuuss‘

117 340 190 388 uc,
211 318 337 379 omuibus
354 317 489 376 silentibus
507 335 542 374 ne
561 314 732 374 referendum
746 313 873 392 quidem,
891 330 937 371 ne·

126 417 186 463 473·
211 399 277 456 dum
290 397 466 455 refellendum
481 397 647 472 putavissem,
661 395 710 452 nisi
722 414 840 464 magnus
851 395 939 452 auant
954 399 955 402 ’

117 471 145 516 Α·
156 472 185 516 ⁰·
209 478 255 536 M.
268 476 378 534 Tullius
397 477 497 534 Cicero
517 477 546 533 in
563 474 757 553 philosophicis
775 474 889 551 quidem
906 473 937 530 li·

126 543 184 596 ἠ’
190 548 194 557 ’
208 556 273 627 bris,
294 556 338 613 sed
352 555 414 614 loco
428 576 484 614 non
497 575 563 625 uno,
584 554 715 631 posuisset.

248 636 367 693 XLIII.
395 636 487 706 Pugna
509 635 544 692 ad
564 634 695 692 Asculum
714 651 890 709 quocumque
910 651 936 690 e·

208 729 291 772 ventu
312 728 412 773 certata
431 715 566 791 reliquum
583 713 646 770 anni
665 712 789 789 quietum
807 710 822 768 ἒ
840 712 937 770 bellicis

207 794 423 871 expeditionibus
445 795 556 852 habuit:
588 792 633 849 sed
656 791 937 849 consultationibus&

207 871 937 1028 {Psilisltffi‘llihhlilmlffuffiulglssinss*

208 975 277 1104 sein,
296 976 452 1111 dudumque
472 1039 498 1091 sc
517 973 668 1091 amicoriim
688 1031 829 1107 plerosque
849 1030 936 1107 perdi-

208 1114 296 1185 disset,
317 1115 345 1169 in
359 1115 473 1189 Epirum
491 1111 572 1182 milit,
593 1131 657 1168 curn
675 1109 819 1180 mandatis,
841 1125 873 1168 ut
891 1131 937 1169 ve·

206 1194 297 1258 niente
315 1211 378 1249 vere
394 1192 493 1249 milites
509 1196 535 1247 &
553 1189 675 1267 pecuniae
691 1189 739 1247 fibi
756 1191 935 1249 nrinerenttu.

207 1272 261 1329 Sed
276 1271 427 1348 priusquam
439 1270 521 1327 classis
533 1291 564 1327 ea
575 1270 667 1327 instrui
678 1269 773 1346 posset,
788 1285 869 1328 no'vae
883 1271 936 1348 spes

206 1367 308 1413 eaortae
328 1350 468 1408 consilium
487 1350 557 1420 regis
578 1362 759 1408 mutaverunt.
802 1350 935 1410 Macedo·
964 1355 966 1362 '

207 1430 281 1492 niam
300 1430 366 1488 olim
386 1429 530 1487 Demetrio
547 1429 702 1506 ademptam
721 1429 842 1507 Pyrrhus
861 1446 935 1490 tenu-

206 1524 277 1582 erat,
302 1509 401 1568 deinde
427 1509 582 1586 Lysimachi
602 1510 631 1565 vi
652 1524 787 1570 extortam
806 1512 935 1570 auth'erat.

205 1590 275 1649 hanc
294 1591 394 1650 iterum
410 1609 490 1647 novae
508 1589 640 1647 occasioni
656 1589 783 1666 aperuisse
797 1591 936 1650 videbatur

207 1672 347 1731 Ptolemaei
368 1670 484 1728 Cerauni
506 1670 588 1740 casus,
609 1668 657 1746 qui
677 1669 692 1728 a
713 1669 806 1728 Gallis
827 1673 936 1741 interse7

207 1753 276 1821 slus,
297 1751 365 1808 dum
386 1749 488 1807 bellum
510 1751 538 1806 in
558 1748 637 1807 Italia
657 1749 726 1820 gerit
747 1750 880 1825 Pyrrhus,
901 1752 946 1811 uti>

205 1830 340 1888 turbatum
356 1829 431 1899 regni
447 1829 553 1899 statum,
574 1830 611 1886 ita
624 1848 736 1887 vacuam
754 1830 936 1906 possessiouem

205 1907 358 1984 reliquerat.
385 1927 416 1964 ea
434 1908 502 1964 ratio
524 1908 599 1966 suasit
616 1927 651 1965 ne
672 1910 756 1987 copiis
779 1911 936 1971 militaribus

205 1987 304 2064 Epirus
333 1986 502 2045 nudaretur:
534 1987 612 2046 simul
638 2009 674 2048 ne
701 2004 805 2067 pateret
834 1994 935 2069 injuriis

204 2066 361 2139 Gallorum,
386 2069 504 2133 vicinam
527 2068 617 2127 adhuc
638 2069 833 2130 Macedoniarn
857 2094 935 2132 uren-

203 2148 284 2208 tium.
327 2143 428 2226 Neque
448 2146 588 2207 tamened
606 2162 667 2207 tum
685 2150 801 2222 accessit,
822 2153 852 2211 in
870 2150 935 2213 Sici·
956 2148 959 2153 ⁵

202 2228 268 2288 liam
288 2229 446 2288 vocantibus
469 2229 528 2288 aliis
551 2227 650 2302 causis,
678 2244 710 2289 ut
733 2231 824 2308 possea
849 2235 934 2296 trade·

202 2327 274 2368 mus.

215 2446 219 2454 ,
247 2389 362 2448 XLIV.
388 2390 493 2450 Hieme
514 2393 584 2450 inter
604 2391 652 2449 has
674 2409 751 2450 curas
773 2393 936 2454 circumsessi

201 2469 267 2526 novi
288 2469 408 2528 consules
430 2470 464 2528 ad
487 2473 635 2529 exercitum
657 2487 806 2547 venerunt,
832 2473 866 2532 C.
882 2478 957 2534 Fa·-

108 2541 144 2590 υ·
154 2543 180 2589 ⁰·
193 2547 302 2610 bricius
316 2549 457 2622 Luscinus,
479 2550 660 2629 QAEmilius
674 2553 771 2630 Papus,
792 2555 841 2631 qui
853 2557 935 2615 alium

110 2619 177 2719 hqd:
201 2646 312 2708 quoque
331 2627 496 2706 consulatum
512 2629 564 2691 una
584 2631 722 2702 gesserant.
756 2635 825 2693 Hoc
843 2636 936 2697 audito

118 2733 175 2796 ²7⁸·
202 2709 320 2786 Pyrrhus
335 2709 415 2773 etiam
435 2709 528 2768 contra
542 2710 636 2770 eduxit
649 2708 751 2790 copias,
771 2718 798 2772 δι
813 2715 935 2777 observa·

201 2809 231 2867 re
250 2788 358 2858 consilia
375 2790 493 2849 hostium
515 2791 634 2850 instituit.
677 2795 773 2870 Qum
795 2796 834 2855 ita
857 2800 935 2857 casha

200 2870 308 2947 utrique
327 2871 395 2928 locis
419 2871 492 2929 haud
514 2870 593 2929 valde
616 2870 771 2933 distantibus
793 2877 933 2950 haberent,

193 2966 243 3016 ¹res
256 2950 350 3009 ¹evenit
364 2950 398 3007 ad
413 2952 573 3013 memoriam
587 2950 710 3026 celebris,
731 2961 757 3012 δι
771 2954 787 3013 i
804 2959 933 3036 plerisque

104 3044 106 3049 ’
196 3041 256 3092 Μ
279 3028 324 3112 ita⁴
340 3049 441 3106 magno,
464 3030 576 3093 dissensu
601 3031 715 3105 tradita·
751 3036 932 3102 Timochares
