1956 3736
165 151 354 212 Susrnsu.
377 149 513 213 LXIV.
536 151 697 215 mvrrn
757 159 795 236 83

65 281 123 345 sum
146 286 329 346 Crotoniatae
336 285 496 345 didicifl'ent.
538 287 632 364 Atque
653 285 782 362 hujus
755 308 797 347 vr·
808 293 838 338 U
852 295 885 342 c..

65 367 157 425 dioriae
169 387 220 444 per
233 368 259 425 se
275 367 334 425 fatis
349 385 447 436 magna
464 365 564 437 laetitia,
585 383 616 424 ut
630 367 716 426 ferme
730 387 796 427 neu·
806 371 876 470 475·
951 390 954 396 ·

66 447 177 504 unmin
191 461 295 523 partem
310 447 417 504 fortuna
431 460 504 504 tenet
517 446 643 518 modurn,
664 447 722 505 aliis
735 448 797 509 sub·
806 425 875 550 2‘77'

64 525 127 585 iude
141 525 223 584 rebus
236 525 309 584 haud
324 527 413 582 minus
425 524 493 582 laetis
505 527 640 584 cumulata
653 528 700 587 est.
867 517 876 538 ⁸

15 600 18 607 ’
102 605 198 665 VIII.
222 604 412 664 Nicomachus
429 606 502 662 enirn
522 606 657 663 inteliedio
671 607 718 664 se
710 627 738 665 ιιι
753 627 797 668 et·

63 703 154 744 rorem
179 683 409 743 inemendabilem
432 685 561 755 incidisse,
587 684 654 743 dum
680 687 797 749 incertus

62 763 167 823 consilii
182 765 337 822 Tarentum
351 764 431 835 redit,
452 779 581 841 exceptus
594 763 610 822 ai
624 765 724 824 Rufino
739 787 797 826 ma,

63 864 145 916 gnam
170 844 280 902 suoru'm
306 860 411 921 partem
430 844 526 914 amifit,
551 849 577 902 dc
598 863 662 902 curn
688 846 798 923 reliquis

63 925 108 983 vix
129 924 160 982 in
180 937 271 983 tutum
291 924 392 1001 elapsus
411 924 467 991 est;
489 943 576 1001 quum
598 943 680 981 unam
701 926 798 986 urbem

62 1003 209 1064 defendiffe
219 1023 276 1062 non
289 1018 442 1074 contentus,
454 1002 520 1060 duas
535 1002 696 1079 perdidisset.
720 1005 797 1063 Nam

61 1084 188 1142 &Locri
208 1083 324 1141 successu
345 1084 395 1142 isto
415 1084 536 1154 animati,
557 1082 679 1159 praesidio
700 1083 797 1176 Pyrrhi

61 1162 254 1241 praefectoque,
262 1183 380 1241 quorum
395 1163 505 1238 injurias
517 1128 619 1220 diutius
630 1165 735 1239 perpeti
746 1185 797 1222 ne-

61 1242 184 1319 quibant,
205 1242 355 1313 trucidatis,
380 1242 415 1299 ad
436 1243 583 1301 amicitiam
605 1243 797 1319 Romanorum

61 1321 85 1381 se
98 1323 283 1382 connrlerunt.
325 1286 419 1380 R’ebus
434 1322 552 1381 adhunc
567 1322 681 1381 modum
697 1343 794 1400 proce

60 1401 200 1474 dentibus,
221 1423 278 1460 non
296 1402 386 1460 ideo
377 1423 407 1460 in
424 1416 529 1460 tantum
545 1403 697 1462 ceciderant
711 1405 795 1467 animi

59 1482 225 1541 Samnitium
245 1496 453 1560 ceterorumque
471 1483 646 1560 populorum,
666 1484 733 1559 quin
751 1486 794 1543 su·

59 1583 109 1641 per
122 1561 228 1622 inlitam
245 1563 436 1641 pervicaciam,
457 1563 502 1639 spe
519 1581 627 1638 quoque
640 1562 736 1637 Pyrrhi
750 1583 796 1622 re·

58 1644 113 1714 gis,
134 1647 162 1701 δι
180 1643 313 1702 nunciatis
335 1645 393 1717 ejus
416 1642 448 1701 in
465 1641 556 1698 Sicilia
575 1641 739 1711 succeffibus,
760 1643 796 1701 ad

60 1722 154 1782 omnia
179 1743 240 1802 quae
264 1723 319 1782 sors
342 1721 445 1782 ferebat
471 1718 645 1799 perpetienda
672 1720 795 1781 sustenta-

58 1817 161 1864 [mtur-

98 1883 158 1943 IX.
178 1880 299 1958 Pyrrhus
317 1882 391 1940 enim
414 1884 455 1954 (ut
472 1881 552 1958 hujus
571 1881 653 1941 etiam
672 1895 747 1941 extra
762 1882 794 1942 1-

58 1963 151 2022 taliam
168 1961 251 2033 gesta,
272 1962 347 2039 quod
367 1982 463 2020 eorum
480 1964 649 2040 temporibus
664 1963 796 2041 locisque,

57 2042 93 2101 ad
105 2042 167 2102 htec
180 2041 297 2112 negotiis
311 2041 384 2120 ipfis,
404 2063 469 2100 curn
484 2043 616 2100 Romanis
632 2043 712 2100 rebus
726 2063 793 2101 con-

55 2123 182 2198 junctum
203 2123 255 2194 est,
276 2125 461 2200 exponantur)
483 2120 563 2178 rebus
585 2121 657 2198 apud
679 2122 795 2196 Syracu-

58 2203 134 2262 sanos
145 2166 312 2279 Leontihosq
313 2223 346 2260 ue
360 2201 520 2270 constitutis,
530 2201 602 2257 circa
614 2200 709 2257 eadem
724 2216 794 2259 tern-

58 2301 125 2361 pore
140 2302 205 2342 cum
223 2281 343 2341 exercitu
358 2281 542 2352 Agrigentum
556 2279 733 2356 prostitues
725 2281 794 2338 mi·

58 2364 104 2439 pso
118 2363 229 2422 adhuc
221 2363 317 2420 ttinere
329 2360 554 2420 occurrentibus
544 2359 648 2416 nunciis
650 2361 793 2435 ,ejectum

58 2461 92 2502 ex
105 2443 174 2502 urbe
187 2442 339 2518 praestdium
352 2442 485 2502 Punicum
497 2453 648 2517 acceperat,
668 2445 694 2498 δι
707 2440 791 2512 Agri-

57 2523 184 2593 gentinos
203 2520 252 2598 ipsr
275 2522 418 2600 {esusque
443 2521 534 2579 omnia
560 2518 659 2579 dedere
684 2536 793 2598 paratos

59 2604 121 2662 effe.
164 2603 266 2680 Neque
286 2602 417 2695 promiffis
440 2601 525 2659 abfuit
547 2600 624 2658 fides.
662 2601 794 2661 Venienti

60 2681 222 2753 Sosistratus,
247 2683 323 2762 qui
313 2687 341 2740 dc
362 2682 501 2774 Syracusas
524 2680 725 2750 tradiderat,
700 2686 793 2737 &·ur

19 2772 21 2777 ’
60 2762 136 2834 bem,
150 2763 328 2834 &egregiae'
317 2761 467 2838 juventutis
481 2761 544 2818 odo
561 2758 682 2835 peditum
699 2758 823 2830 millia,

59 2807 232 2914 odiisigentos
250 2843 354 2920 equites
373 2840 507 2917 adjungit,
526 2840 619 2914 copias
634 2838 791 2913 Epiroticis,

60 2942 126 3000 quas
141 2923 259 3000 Pyrrhus
272 2922 430 2992 edduxerat,
443 2919 530 2977 nihilo
544 2915 699 2978 deteriores
729 2919 793 2998 Op

60 3002 126 3080 pide
145 3016 275 3082 preterea
293 3002 414 3078 triginta,
434 2999 531 3081 quibus
553 2998 701 3079 imperabat
722 2999 792 3061 Sofi·
