1956 3736
167 148 516 229 Sorviau.L.X1V.
539 161 699 224 Livinu.
763 167 803 244 87

62 287 117 349 lata
138 305 172 345 ue
191 285 256 345 fossa
277 285 364 343 fasta:
387 268 500 345 celerius
522 304 604 363 opere
626 289 801 366 procedente,
812 314 843 361 U.
855 316 884 362 ρ,

64 365 119 447 qn*
157 369 260 443 majore
274 366 312 424 sui
328 381 403 444 parte
417 367 544 424 imnum
562 367 591 425 in
606 370 727 429 cautibus
742 392 802 430 ma·
821 379 880 438 ⁴7⁶·

64 450 133 511 tinia
151 447 295 526 oppidum,
316 460 375 505 toto
390 449 437 506 illo
455 446 539 525 spatio
558 451 723 509 manufesta
738 472 800 511 mu·
813 448 840 490 A.
855 445 885 491 ⁰·

59 529 188 591 animem
200 527 274 587 nulla
288 527 462 588 desiderabat.
505 528 590 589 Missis
608 531 709 590 interea
728 533 802 605 lega·
822 507 881 572 ²7⁶'

63 610 112 684 tis,
133 629 289 688 quanquam
305 610 340 667 ad
356 609 459 669 bellum
477 629 591 682 magnos
604 627 745 691 apparatus
760 614 802 672 fe·

65 706 169 763 ceram,
190 689 352 768 magnasque
371 691 475 768 copiae,
495 711 582 767 quum
603 692 721 767 aliunde,
743 709 804 756 tum

65 773 150 831 etiam
173 791 208 828 ex
230 771 318 843 Italia,
344 771 470 829 mercede
491 772 686 845 conduxerant,
708 774 728 832 si
749 795 802 852 pax

64 852 150 930 nqiiis
165 850 366 910 conditionibus
385 852 523 928 impetrari
542 852 637 929 posset,
659 855 803 931 pecuniam

65 936 94 993 sa
111 932 221 991 classem
242 931 447 1009 pollicebantur.
490 931 615 991 Pecuniae
635 934 804 995 mentionem

65 1030 124 1073 non
146 1011 254 1070 admisit
277 1012 412 1089 Pyrrhus,
437 1012 517 1070 urbes
539 1032 605 1089 quas
627 1030 804 1090 occupaverat

64 1093 183 1155 reniae
202 1093 330 1169 cupiens:
353 1092 389 1150 de
404 1091 530 1168 Lilybaeo
551 1108 642 1153 tamen
664 1093 802 1153 concessu·

66 1192 112 1235 ma
129 1172 284 1231 videbatur.
327 1172 381 1230 Sed
402 1172 484 1231 amici
502 1173 585 1245 regis,
606 1175 803 1252 civitatumque

67 1253 220 1313 Sicularum
234 1253 379 1331 principes,
394 1267 469 1311 metu
481 1254 742 1327 Carthaginienssum
753 1274 802 1313 va-

63 1349 188 1403 caturam
210 1332 262 1392 elle
282 1334 393 1392 insubm
412 1349 551 1406 negantes,
572 1336 660 1394 donec
680 1336 720 1393 illi
743 1350 802 1395 tan-

64 1427 127 1479 tuin
142 1414 262 1472 valentes
281 1415 400 1472 clastibus
415 1415 582 1490 Lilybaeum,
604 1431 732 1495 tanquam
746 1417 801 1474 sca·-

63 1494 104 1557 la·
116 1494 245 1573 quasdam
259 1495 293 1552 ad
306 1493 502 1554 exscensionem
516 1495 670 1554 faciundam
686 1512 802 1572 paratas,

65 1588 200 1646 tenerent,
225 1577 409 1654 perpulerunt,
430 1587 461 1630 ut
481 1594 565 1632 unani
585 1576 636 1632 esse
657 1577 803 1651 responde-

64 1670 108 1737 get
123 1655 251 1715 amicitiae
266 1655 463 1722 conditionem,
484 1654 507 1727 si
518 1654 638 1712 univers-i
653 1655 742 1729 Sicilisi
756 1674 802 1713 ce-

64 1735 179 1809 dentes,
206 1736 342 1814 utriusque
362 1734 470 1810 imperii
489 1736 637 1793 terminum
657 1733 709 1794 esl'e
729 1753 804 1797 mate

66 1830 232 1897 paterentur.

107 1897 179 1957 XV.
202 1897 247 1954 Ita
266 1895 309 1972 spe
331 1895 403 1974 pacis
422 1895 543 1969 discussi,
564 1897 687 1975 protinus
707 1895 743 1955 ad
757 1917 802 1956 ur·

66 1976 131 2044 beni
152 1977 227 2049 signa
248 1977 357 2034 movit:
383 1996 472 2053 neque
494 1979 590 2054 pincul
611 1979 696 2049 muris
721 1977 803 2051 castra

66 2073 196 2128 meatus,
212 2057 355 2133 manipulis
369 2057 406 2114 ita
420 2056 561 2132 dispositis,
579 2071 610 2115 ut
624 2057 713 2116 defessi
728 2054 744 2115 a
757 2077 802 2115 re·

65 2140 190 2199 centibus
205 2157 253 2216 per
266 2137 339 2194 vices
353 2137 551 2212 exciperentur,
570 2137 803 2212 oppugnationem

65 2220 139 2279 orsus
165 2218 212 2277 esi.
255 2215 309 2274 Sed
331 2216 509 2292 Lilybaetani,
536 2235 620 2292 quuin
641 2221 667 2274 dc
687 2235 804 2277 numero

116 2312 311 2377 pugnatorum,
332 2303 357 2354 δι
375 2296 560 2354 machinarum
578 2310 705 2373 apparatu
722 2295 804 2370 juva·

65 2318 174 2451 ξων,
194 2379 287 2436 locum
305 2390 458 2436 tenuerunt.
495 2377 616 2434 Tantam
635 2377 708 2434 enirn
728 2391 801 2434 cata-

65 2461 205 2540 pultarum
231 2459 457 2536 scorpionumque
485 2457 544 2514 vim
572 2456 803 2529 Carthaginienses

65 2542 235 2609 invexerant,
257 2553 288 2597 ut
301 2559 442 2596 murorum
456 2537 573 2596 ambitus
587 2537 723 2616 capiendis
739 2559 802 2597 om·

65 2623 148 2685 nibus
171 2617 285 2679 minime
307 2619 446 2678 sufficeret.
470 2621 587 2697 'Qium
609 2620 693 2689 igitur
713 2617 802 2693 cujus-

65 2723 121 2782 que
135 2700 242 2773 generis
255 2700 389 2759 missilium
403 2700 479 2756 velut
492 2700 579 2756 imber
592 2697 704 2775 quidam
716 2698 746 2755 in
756 2716 802 2754 re-

66 2785 126 2856 gios
148 2781 324 2858 spargeretur,
345 2780 478 2855 multique
495 2780 587 2854 paffim
609 2777 736 2836 caderent
756 2792 803 2836 aut

67 2862 255 2933 sauciarentur,
270 2862 409 2937 inceptum
424 2858 577 2916 omiserunt.
598 2857 741 2916 Machinas
752 2856 802 2915 de-

67 2942 133 3007 inde
151 2947 177 2999 δι
197 2941 250 3018 ipse
271 2941 398 3000 fabricare
418 2939 540 3011 instituit,
561 2952 721 3016 praetereas
742 2959 803 3016 quae

68 3022 205 3109 Syracusis
226 3021 447 3089 advehebantur:
473 3025 507 3165 {q
524 3020 619 3081 effossis
641 3018 730 3105 subter
749 3020 802 3083 hu·

529 3119 547 3164 2
