1956 3736
199 131 390 203 Surnurn.
411 125 545 191 LXVI.
568 125 730 191 Lrvrnu.
777 149 830 214 ¹5¹

135 259 235 320 XLV.
250 258 346 337 Itaque
359 256 464 330 legibue
477 257 519 316 hio
532 256 703 319 mosenum:
723 271 754 319 ttt
764 261 874 325 Hie-un
885 281 916 334 cg

92 359 126 400 ra
146 359 206 418 quae
225 339 257 397 de
271 341 394 398 Romanis
404 337 517 414 sociisve
537 357 623 398 tartarea
640 339 707 412 lara,
727 341 835 419 quasque
848 343 909 404 489.

57 467 59 469 »
91 420 208 481 bataiaes
220 419 330 497 repiser,
344 419 404 496 stae
416 423 504 494 pretia
521 420 692 497 restituerat:
712 426 831 496 argenti·
842 414 870 458 ⁴·
883 412 913 462 ⁰·
936 456 940 461 »

91 521 143 580 qtae
155 503 256 560 talenta
277 512 378 558 cantuae
394 499 526 576 penderet.
546 499 600 575 ipse
616 498 672 559 ruti
689 504 833 577 imperaret
848 473 907 537 ²⁶³·

74 634 77 639 .
93 581 237 661 Syracuse,
257 580 397 656 ceterisque
410 578 566 658 Syracusani
572 582 648 659 juris
661 583 776 642 urbibus.
796 602 833 644 ex

91 662 194 741 quibus
213 674 288 720 eram
307 662 450 739 praeeipuae
466 662 559 732 Aera,
581 662 741 736 Leontium,
763 665 832 724 Me·

92 762 168 814 gara,
191 742 299 813 Eloms,
322 741 431 812 Netini,
452 741 682 803 Tauromenium.
722 746 833 817 Legatir

92 822 196 882 deinde
209 822 244 879 ab
258 822 382 881 Hierone
397 822 518 880 Romam
533 823 714 896 venientibus,
726 826 832 887 eaodem

91 903 265 962 conditiones
279 917 343 960 ratae
360 902 479 974 fuerunt,
499 921 649 980 pacemque
662 923 727 962 cum
739 925 774 963 eo
785 927 829 965 re·

77 1005 127 1056 ¹ge
141 981 297 1043 servandam
311 988 337 1041 δι
351 983 453 1042 senatus
473 983 584 1054 censuit,
605 989 631 1040 δι
651 983 710 1061 post
728 1005 831 1062 paucos

89 1065 162 1136 dies,
184 1065 240 1125 Cn.
249 1063 336 1122 Atilio
351 1063 481 1122 Calatino*
487 1063 621 1141 populum
634 1077 757 1136 rogante,
778 1085 830 1142 po·

73 1144 173 1224 'polus
194 1144 276 1221 juffit.
319 1144 386 1202 Hoc
404 1142 495 1202 foedue
514 1144 543 1201 in
564 1163 648 1202 annos
668 1145 827 1222 quindecim

78 1226 218 1303 ,paetum
246 1224 374 1302 deinceps
398 1221 529 1302 perpetud
554 1224 671 1284 manfit:
703 1226 830 1286 Hierone

90 1304 309 1377 magnitudinem
329 1306 485 1364 Romanam
508 1305 545 1363 ita
569 1306 675 1365 colente
700 1308 827 1379 comiter,

88 1386 185 1464 hisque
199 1385 310 1444 viciffim
331 1386 402 1444 illius
416 1385 534 1444 studium
552 1399 607 1444 tam
626 1386 743 1458 benigne
762 1408 828 1466 pro-

86 1467 200 1544 lixeque
222 1465 464 1537 remunerantibus,
490 1479 521 1523 ut
538 1481 647 1524 neutros
668 1487 764 1527 eorum
785 1469 829 1528 so-

88 1548 195 1607 cietatis
208 1547 332 1605 instituta
345 1546 498 1624 poeniteret.

131 1628 247 1686 XLVI.
269 1626 440 1705 Syracusana
460 1623 533 1702 pacis
554 1624 644 1684 auditi
663 1624 745 1698 fami,
767 1627 830 1686 An·

88 1707 164 1768 nibal
179 1709 290 1780 Poenur,
311 1707 359 1785 qui
373 1707 528 1764 Hieronem
541 1704 681 1763 obsidione
698 1705 828 1767 liberatu-

76 1809 137 1853 ,rue
149 1808 215 1847 cum
228 1787 367 1846 navalibus
381 1787 466 1863 copiis
482 1787 541 1862 jam
555 1786 722 1864 Xiphoniam
739 1789 827 1848 acces·

87 1867 168 1941 serat,
188 1869 285 1946 majori
303 1865 386 1946 quim
403 1882 512 1925 venerat
529 1867 695 1927 festinatione
714 1869 826 1930 recessit.

87 1950 212 2011 Romani
232 1969 319 2026 quum
341 1950 400 2024 jam
421 1948 545 2006 Hierone
569 1969 678 2028 quoque
702 1949 775 2008 socio
799 1956 826 2009 δι

81 2030 278 2103 ¹commilitone
298 2043 447 2100 uterentur,
474 2042 532 2086 non
550 2027 599 2086 diu
618 2031 728 2101 morati,
756 2033 825 2089 ear-

87 2110 262 2183 thaginienfis
288 2109 400 2168 ditionis
426 2108 526 2185 oppida
550 2108 690 2185 complura
713 2109 825 2180 subege-

86 2205 167 2252 runt.
207 2193 244 2250 Et
262 2190 296 2249 ab
312 2189 459 2248 Adranone
480 2187 605 2266 quidem,
625 2189 688 2245 vico
705 2191 824 2261 munito,

87 2272 263 2351 Macellaque
284 2271 343 2348 post
361 2268 512 2330 multorum
530 2268 637 2326 dierum
657 2267 825 2328 obfidionem

81 2346 260 2412 'diicefferunt
280 2351 358 2410 irriti.
392 2349 513 2408 ceterum
537 2349 709 2421 Segestanos,
737 2349 826 2409 occiso

87 2433 240 2493 Pomorum
257 2430 381 2511 praeiidio
395 2429 431 2488 ad
448 2430 473 2488 se
492 2429 563 2488 ultro
578 2427 760 2502 desciscentes,
781 2451 824 2489 re-

86 2527 228 2592 cepemnt.
255 2526 354 2591 praeter
372 2510 424 2569 alia
444 2512 612 2582 cognationis
635 2510 825 2571 neceffitudine

85 2595 114 2656 se
136 2594 270 2653 Romanis
290 2592 418 2651 iratribus
439 2591 529 2652 favere
549 2591 717 2663 difflebant,
738 2593 824 2664 origi·

84 2695 152 2744 nem
164 2675 239 2734 suam
252 2679 278 2732 δι
291 2672 341 2752 ipsu
358 2672 392 2729 ad
407 2672 526 2731 AEneanr
539 2691 574 2730 ex
589 2673 714 2748 Trojano
728 2673 824 2729 incen-

85 2756 135 2816 dio
155 2755 304 2832 profugum
325 2752 482 2813 reserentes.
525 2752 627 2830 Neque
652 2751 741 2809 multo
765 2752 825 2828 post

86 2835 205 2897 Alienaei
215 2834 348 2895 Romanis
365 2832 536 2892 accederunt.
557 2831 593 2889 ad
606 2832 734 2889 Hilarum
746 2826 823 2905 vero,

88 2914 246 2992 Tyrinum,
261 2921 287 2973 δι
300 2913 439 2984 Ascelum,
452 2912 481 2971 vi
494 2917 520 2970 δι
530 2912 662 2971 machinis
676 2931 744 2989 opus
754 2912 823 2973 fuit:

86 3000 178 3083 eoque
194 2994 310 3060 severiiu
329 2993 459 3058 invidos
477 2992 638 3056 consultum.
680 2994 746 3076 Quo
766 3008 822 3078 ter3
