1956 3736
175 155 707 221 Snnnnnn.L.XIV.L1v1n·u.
768 176 810 244 95
891 223 899 244 ‚a

63 288 154 366 igitur
166 291 196 348 in
209 289 347 370 Capitolio
361 289 497 350 deletium
511 290 621 352 haberet
632 292 743 366 Curius,
762 304 845 354 retu·
856 310 901 360 α·

63 371 219 453 spondente
236 371 324 445 nullo,
345 372 476 430 vocabula
495 373 615 432 tribuum
632 374 757 434 omnium
776 377 805 434 in
823 385 884 434 477·

65 472 168 514 urnam
186 453 297 529 conjici,
323 473 463 530 quumque
485 453 568 512 Pollia
587 455 673 514 tribus
692 441 841 547 exiiliet,⁴2'
853 441 884 489 c'

63 533 147 621 quod
158 553 195 592 ex
210 553 241 591 ea
258 553 360 591 nomen
376 535 497 611 primum
510 534 578 592 sorte
595 536 724 594 edanum
738 552 805 610 erat,
840 513 883 565 75‘

64 614 148 674 citari
156 613 237 691 juffit.
260 614 368 672 Tacere
379 613 569 692 perseverantis
581 616 653 673 bona
666 617 804 694 primum

66 694 173 754 deinde
185 714 271 772 quum
283 695 399 766 graviter
412 695 448 752 de
461 695 575 753 consulis
591 697 686 772 injuria
700 699 808 775 questus

66 775 195 834 tribunos
218 775 384 852 appellaliet,
412 774 499 852 ipsum
524 795 633 853 qnoque
656 777 804 838 vendidit:

66 855 142 913 a'ss‘bs'l
150 868 210 932 opus
223 855 271 930 eſji
283 856 436 932 reipublicae
449 874 476 912 eo
490 858 558 926 cive,
579 860 624 930 qui
637 858 746 928 nesciret
754 870 806 932 pa·
908 896 910 898 v

68 955 140 1007 rm,
161 935 298 1012 praefatus.
336 936 437 1013 Neque
450 936 551 993 tribuni
565 936 666 993 auxilio
678 937 804 997 fuerunt:
925 988 928 995 .

68 1022 93 1074 le
113 1017 207 1095 postca
226 1037 336 1094 quoque
356 1015 464 1074 salubris
489 1014 607 1092 exempli
621 1014 743 1092 ‘judicata
762 1037 806 1076 res

68 1096 95 1155 in
118 1096 342 1156 consuetudinem
359 1097 469 1169 transm,
490 1110 521 1154 ut
537 1096 642 1154 delectu
660 1096 713 1155 site
733 1100 805 1171 aIio,

67 1176 116 1256 qni
130 1177 209 1236 miles
217 1177 309 1236 'fastus
323 1196 380 1235 non
393 1177 466 1248 ellet,
488 1179 517 1234 in
533 1177 807 1261 semitutemvende-

68 1268 153 1317 retus.
200 1257 266 1316 Hoc
291 1273 392 1316 terrore
418 1259 501 1316 ceteri
522 1257 610 1315 adniti
627 1257 669 1315 'ad
695 1261 807 1318 nomina

281 1464 290 1490 ν
771 1442 805 1478 ⁰·

67 1510 176 1559 vetunt.
220 1500 353 1559 Lentulus
372 1500 402 1556 iu
416 1500 567 1558 Lucaniam
580 1499 676 1567 inuits
698 1501 806 1577 Samqu

66 1590 108 1641 tes
120 1580 234 1641 adortus
247 1581 284 1639 est
298 1580 409 1637 Curius.

107 1660 263 1720 XXVIII.
290 1661 404 1718 Excitus
423 1658 458 1717 ud
477 1659 536 1735 ejus
556 1659 596 1716 rei
615 1657 717 1718 tamam
738 1661 805 1738 Pyr·

68 1742 144 1814 rhus,
157 1740 267 1799 lulhato
280 1740 397 1798 Tarenti
408 1741 528 1798 exercitu
541 1739 598 1811 Iun,
613 1739 739 1817 peditum
752 1743 806 1799 fes·

68 1842 114 1882 me
126 1822 226 1894 viginti
238 1821 334 1895 millia,
354 1821 405 1878 tria
418 1821 541 1899 equitum
555 1821 696 1881 recensuit.
731 1822 807 1880 Cum
896 1835 900 1841 '

68 1903 123 1974 his,
144 1909 171 1960 &
192 1901 295 1960 delecta
316 1903 532 1960 Tarentinorum
547 1903 701 1979 juventute,
727 1902 807 1962 Sain-

68 1985 149 2042 nium
166 1983 307 2056 ingrcffus,
329 1982 462 2041 Samnites
474 1983 548 2040 dicio
563 1985 652 2041 minus
667 1983 809 2044 'audientes

69 2063 175 2135 babuit,
196 2062 348 2141 tardiusque
365 2063 400 2120 ad
417 2082 481 2122 eum
499 2058 598 2120 auxilia
611 2069 636 2120 δι
649 2065 808 2140 infrequen-

68 2144 123 2203 tius
137 2162 249 2216 venere,
269 2143 366 2202 aniuiis
383 2163 440 2202 non
456 2143 493 2201 ob
509 2134 628 2200 cladium
648 2141 734 2200 modo
748 2162 808 2201 ma·

68 2224 242 2296 gnitudInem
255 2224 334 2297 fellis,
347 2223 393 2282 sed
407 2225 488 2282 etiam
503 2222 671 2295 exulceratis,
687 2242 721 2281 eo
731 2221 809 2300 quaid

69 2304 306 2369 iliarumcausam
320 2305 432 2384 -Pyrrho
452 2303 631 2380 imputabant,
652 2317 708 2360 tam
727 2304 809 2362 tristia

69 2405 126 2445 non
139 2386 250 2465 pallum,
270 2385 318 2444 nili
333 2385 447 2464 proditis
462 2382 572 2442 dilcellu
586 2384 633 2442 suo
648 2384 749 2442 Italicis
764 2385 807 2442 Io·

68 2467 130 2540 ciis,
152 2466 356 2544 expeditionem
369 2465 487 2525 Siculam
501 2465 546 2523 ille
560 2464 716 2543 suscepiffet.
746 2466 806 2524 Ve-
908 2500 916 2513 ·

68 2560 226 2606 anmtamen
237 2547 273 2607 l'sc
294 2567 404 2626 quoque
426 2548 530 2618 magnis
551 2547 691 2605 instructus
705 2549 806 2624 copiis,

71 2642 177 2706 partem
194 2647 287 2686 catum
305 2629 334 2686 in
350 2629 498 2687 Lucaniam
515 2626 550 2683 ad
570 2628 750 2685 diliincndu'm
767 2629 807 2684 al·

69 2722 161 2768 terum
182 2709 321 2769 consulem
339 2709 429 2777 misu3
450 2707 504 2784 ipsc
522 2708 602 2767 Man.
619 2708 735 2765 Curium
755 2726 807 2783 op-

70 2796 191 2868 'pugnate
211 2790 346 2862 aggrellus
364 2791 411 2861 est,
432 2787 539 2846 facilem
553 2788 603 2845 fibi
620 2788 751 2864 reliquam
765 2787 808 2843 vi-

70 2873 186 2931 {tortam
208 2873 267 2930 Iore
288 2886 372 2944 ratus,
393 2870 413 2928 sa
432 2869 505 2926 hunc
526 2867 705 2945 superavillet.
747 2867 807 2926 Ro·

73 2971 170 3022 manus¹
186 2967 291 3023 autem,
312 2972 409 3025 gnarus
427 2949 553 3028 phalangi
568 2948 767 3021 Macedonicae,
788 2949 809 3008 si

72 3034 204 3116 explicari
223 3033 311 3114 poffit,
332 3033 433 3094 nullum
449 3031 534 3100 aciem
552 3048 646 3109 parens
659 3029 722 3104 elle,
742 3030 810 3094 locis
