1956 3736
162 158 206 238 '30
317 154 343 234 J
368 110 737 216 'nonnosum

74 300 107 349 υ.
116 302 144 349 c.
162 296 209 362 pto
221 280 339 360 confilio3
352 278 467 356 sclsuis
480 274 584 354 quasque
597 273 678 352 causis
688 275 808 335 ducitur.
842 273 898 336 Cur

82 375 143 426 47¹·
167 368 235 424 enim
254 377 308 422 tam
320 373 413 437 paucos
425 361 538 436 juvenes
552 354 588 415 &l
601 368 728 431 pauperes
746 358 776 413 c‘n
793 375 825 414 ea
836 356 900 431 sen·

73 430 104 475 ὦ
114 431 143 476 ⁰·
168 447 252 504 tentio
265 441 314 518 effe
327 438 410 508 uideo,
423 457 484 513 qua
493 449 583 513 pacem
596 437 713 496 laudat?
733 449 781 493 aut
794 455 843 494 cur
855 454 900 494 ne·

87 489 146 544 ²⁸¹⁹
167 526 234 584 mini
249 523 322 596 sere
336 519 448 577 aluisum
469 514 505 575 ὅ
518 516 651 591 seniorum
672 515 765 572 bellum
781 517 901 591 placet?

166 604 212 664 An
226 601 281 659 alia
295 612 350 656 tam
364 597 503 673 aqualiter
516 595 611 671 dioisae
625 598 744 652 ciuitatis
762 596 841 671 causa
854 596 899 670 est,

166 679 246 759 quim
265 677 331 756 quil
346 678 376 736 bi
393 679 468 734 rebus
488 679 580 750 quietis
594 676 704 750 fanore
717 675 768 749 suc
781 675 901 751 agrisque

158 764 227 841 seui
242 761 353 826 uolunt;
371 757 426 828 illi,
440 755 467 833 st
480 755 572 828 bellum
586 755 724 830 conflatum
733 754 785 830 sc,
806 759 836 812 in
850 759 900 812 ino·

88 889 91 892 .
163 845 258 918 pariis,
285 851 332 896 aut
353 856 387 895 esc
406 837 513 895 licentio
531 835 636 911 praelae
656 834 826 909 compendium
839 835 900 910 spe·

168 927 262 979 rant?
295 920 386 976 Etiam
405 918 463 975 olim
482 914 528 972 boc
546 915 629 971 morbo
646 912 802 986 laboramus,
823 931 902 989 neque

159 1000 189 1060 ,ἃ
207 1002 279 1074 longo
287 1002 349 1077 jam
367 1010 478 1072 tempore
493 994 635 1071 respublica
654 995 740 1068 nosce
759 993 902 1054 bominibus

168 1085 267 1150 caruit,
282 1082 326 1154 qui
339 1078 481 1151 domesticas
495 1088 549 1149 opes
561 1073 808 1147 augeresulerent,
823 1077 900 1131 etiam

169 1179 227 1218 cum
238 1153 400 1233 periculo&
413 1155 564 1211 detrimento
577 1155 705 1211 ciuitatis.

210 1238 297 1296 XIV.
320 1235 422 1308 Qibus
439 1234 551 1289 omnibus
570 1251 704 1291 occurrere
718 1236 842 1308 poteritis
858 1251 900 1291 ce-

170 1313 284 1389 liifflmi,
308 1313 457 1389 (licendum
470 1315 538 1369 enim
553 1314 587 1387 est
601 1312 668 1387 qual
680 1330 715 1370 ex
728 1313 902 1388 presentibus

171 1394 329 1468 utiliffimum
346 1393 393 1467 effe
410 1390 511 1468 censeo)
525 1390 553 1467 ſs
566 1411 646 1468 neque
660 1404 749 1467 pacem
767 1397 859 1449 ematis
873 1390 903 1450 ab

171 1475 341 1533 conditionum
363 1471 483 1542 vilitate,
508 1489 568 1547 qum
581 1474 652 1548 jura
672 1471 766 1530 liberae
787 1475 903 1530 civitatis

170 1560 288 1621 minuot;
309 1571 389 1628 neque
402 1553 500 1626 uestras
510 1551 680 1608 tantummodo
694 1554 765 1609 uires
777 1553 840 1610 belli
851 1566 902 1610 can

151 1659 153 1664 ·
171 1634 282 1709 difficilis
302 1632 446 1690 terroribus
464 1633 601 1706 opponatis.
637 1631 713 1706 Saepe
729 1629 748 1688 ἃ
767 1634 903 1710 majoribus

171 1718 302 1788 copiarum
328 1714 473 1787 nostrarum
496 1714 631 1784 imperium
655 1714 774 1768 externis
801 1712 903 1769 ducibus

150 1824 153 1830 ·
173 1793 325 1866 commiffum
337 1792 382 1865 esi,
404 1788 590 1847 Archidamum
602 1789 717 1865 Agesilai
722 1790 826 1865 filium,
837 1792 902 1867 pos·

172 1891 204 1928 en
216 1873 386 1945 Cleonymum,
407 1887 467 1925 mox
480 1867 657 1940 Agathoclem,
678 1869 848 1946 Peloponneso
860 1879 903 1928 aut

172 1946 268 2006 Sicilib
280 1951 450 2005 evocavimus.
487 1945 620 2005 Memorib
632 1946 731 2024 opici,
751 1969 830 2025 quum
836 1952 902 2027 sni·

151 2033 294 2090 ⁴timorum
315 2029 395 2084 armis
415 2030 444 2083 in
459 2026 615 2100 eserenon,
636 2029 819 2088 Alexandrum
841 2031 903 2107 Epi·

173 2107 271 2182 oensem
285 2119 377 2182 patres
394 2108 473 2182 nosci
486 2111 648 2172 acciperunt.
690 2109 729 2165 Eo
743 2110 845 2187 constlc'o
858 2126 904 2170 non

166 2186 251 2263 filum
266 2187 314 2263 ipfi
327 2187 456 2245 commodis
468 2187 543 2244 rebus
556 2186 595 2262 ust
604 2186 682 2261 sunt,
695 2188 748 2262 sel
764 2194 846 2248 etiam
863 2209 903 2248 no·

146 2333 148 2337 ἲ
171 2269 215 2326 bis
222 2269 347 2343 florentes
362 2267 534 2341 reliquerunt.
577 2266 624 2341 Est
641 2268 726 2325 eadem
743 2267 820 2328 bodie
837 2274 905 2328 inter

173 2365 218 2404 nos
231 2344 400 2421 &Epirotas
413 2349 549 2404 amicitia.-
570 2365 650 2421 neque
662 2347 704 2404 illi
717 2346 792 2406 bodie
806 2353 904 2408 exerci-

148 2459 151 2466 ,
173 2439 205 2483 tu
225 2445 256 2480 ac
273 2425 336 2482 lucc
353 2422 437 2481 minis
454 2426 554 2484 ualent.
597 2427 635 2482 Et
653 2445 741 2484 recens
758 2428 904 2506 beneficium

146 2540 149 2545 «
173 2504 287 2578 noslrum
308 2503 428 2579 Pyrrhus
448 2502 537 2575 babet,
562 2524 635 2581 qoem
657 2507 806 2584 Corcyraeos
830 2523 904 2586 oppu-

169 2594 296 2658 gnantem
309 2580 386 2659 joslb
405 2582 479 2656 claffo
493 2586 621 2662 juvimus.
664 2587 735 2659 Ergo
755 2607 806 2646 non
825 2605 904 2648 meum

173 2661 232 2734 boc,
245 2662 297 2737 sel
312 2665 357 2738 qui
378 2674 439 2720 ante
458 2682 501 2718 nos
521 2664 702 2739 rempublicam
718 2665 788 2725 banc
802 2667 903 2744 sebas·

165 2742 233 2818 fimi
251 2754 394 2814 rexerunt,
419 2741 548 2800 bominum
559 2745 805 2820 sapientiffimorurn
829 2746 904 2824 cons·

173 2825 238 2881 licem
250 2824 298 2898 effl
309 2823 498 2897 exisiimotote:
519 2825 586 2898 quod
596 2824 642 2882 uel
652 2825 706 2881 ideo
712 2827 792 2902 sequi
803 2830 905 2898 debetis,

163 2907 237 2975 *qaia
253 2908 283 2960 in
297 2908 388 2978 priore
403 2903 515 2978 exemplo
530 2903 602 2978 quast
616 2916 697 2962 totam
713 2910 766 2986 ejus
780 2913 903 2973 rationem
929 2958 931 2963 ,

173 2997 230 3042 tom
244 2996 338 3043 euentu
351 2983 402 3060 ipso
410 2984 557 3060 perspicere
565 2984 687 3069 potesis,
