1956 3736
324 94 367 154 44
480 73 902 152 J;·Farrrnsnrrrrr

234 368 305 417 uc.
328 363 353 420 Ι.
405 359 508 416 Nterea
530 357 630 415 Romae
651 372 725 435 parte
748 357 888 433 copiarum
910 357 946 415 ad
970 380 972 435 j

294 463 301 478 ·
418 438 496 497 dium
511 436 585 496 urbis
604 444 629 495 er
645 440 762 496 incertos
776 438 839 495 belli
854 437 927 495 casus
945 461 972 496 re

325 521 403 579 novit
428 518 580 576 consulibus
606 520 737 576 exercitus
761 522 787 573 δι
813 519 962 594 provincia

293 591 300 607 ⁶
324 603 392 660 sunt.
429 600 461 658 P.
472 597 585 656 Valerio
600 599 715 657 Laevino
728 598 872 655 Tarentini
886 604 913 655 δι
926 600 972 677 Pyr

325 681 374 739 Ti.
401 679 574 738 Coruncanio
594 678 698 737 Etmsci
716 677 780 735 belli
797 679 917 755 reliquiae
934 681 972 738 ob

324 775 398 821 runt.
442 761 570 818 Laevinur
590 759 765 831 magnificum
783 758 818 815 ad
837 759 972 817 famam&

325 862 417 902 rorem
436 856 518 911 ratus,
539 840 641 898 hostem
660 839 675 897 ri
692 839 718 896 se
738 839 882 896 laeeffitum
903 839 972 899 vider

326 923 385 980 rnul
397 920 462 979 utile
473 921 585 989 civitati,
593 921 613 976 sr
621 919 702 996 quim
714 917 861 989 longiffime
875 919 940 976 belli
952 940 972 979 rr

326 1010 353 1060 de
367 997 543 1059 incommodo
555 999 589 1056 ab
604 1020 668 1070 agro
685 1000 811 1056 Romano
827 1000 970 1071 avertisset,

326 1082 413 1141 festim
426 1082 455 1139 in
467 1080 615 1137 Lucaniam
627 1093 704 1136 moto
718 1079 846 1150 exercitu,
859 1080 972 1137 castelleti

326 1175 443 1238 portuno
458 1160 508 1216 srtu
522 1160 648 1235 operibus
664 1161 838 1234 permunivit,
860 1159 972 1238 valido]

326 1242 372 1298 dio
391 1239 527 1316 imposito,
549 1258 604 1314 quo
618 1244 644 1294 δι
658 1240 755 1314 Pyrrhi
772 1253 861 1315 coepta
878 1239 972 1298 tardari

325 1327 351 1378 δι
372 1319 486 1389 Lucam,
508 1338 624 1394 quorum
646 1317 756 1394 perfidia
775 1320 929 1390 timebatur,
951 1340 972 1377 a«

325 1403 392 1459 stem
411 1418 467 1456 non
483 1398 612 1456 auderent
631 1399 780 1456 desciscere.
815 1399 922 1456 Audito
939 1400 972 1457 R«

325 1481 440 1538 consulis
454 1479 571 1537 adventu
586 1480 715 1556 Pyrrhus,
736 1499 888 1555 quanquam
906 1481 971 1537 socii

327 1563 394 1619 dum
414 1573 604 1630 convenerant,
625 1575 702 1635 turpe
723 1557 771 1615 fibi
792 1559 972 1617 &detrimen

326 1643 386 1698 fore
403 1640 538 1715 judicans,
559 1639 664 1696 srinter
683 1637 830 1713 primordia
849 1639 913 1696 belli
930 1641 972 1698 for

326 1723 368 1777 nis
388 1720 519 1776 indicium
540 1718 626 1775 ullum
647 1717 779 1789 edidiffet,
804 1740 868 1776 cum
889 1719 972 1796 copiir

325 1799 445 1867 aderant,
467 1798 649 1855 incunctanter
663 1796 771 1854 obvidm
785 1800 936 1874 progressus
949 1807 972 1858 ei

367 1879 410 1935 II.
434 1877 477 1934 Ut
493 1890 583 1933 tamen
602 1896 651 1954 per
669 1877 773 1934 causam
788 1880 904 1956 aliquam
920 1879 972 1938 hon

325 1957 442 2029 traheret
454 1959 606 2028 negotium,
626 1957 832 2016 caduceatorem
847 1960 917 2016 misrt
929 1981 972 2019 eur

326 2039 399 2110 teris,
421 2059 538 2115 quarum·
548 2038 607 2096 haec
624 2038 749 2096 sententia
763 2039 825 2098 fuit.
862 2040 924 2096 Rex
937 2043 972 2119 P)

327 2121 437 2177 Lavino
443 2120 567 2193 solertem.
598 2121 682 2176 Audio
695 2132 722 2176 te
736 2133 827 2176 contro
840 2121 972 2179 Terentio

326 2205 385 2256 nire
404 2218 460 2256 erem
480 2204 609 2260 exercitu.
649 2200 701 2257 Sed
718 2219 745 2256 eo
765 2200 829 2256 dimi
849 2202 872 2271 o',
894 2220 972 2278 eurr,

326 2282 365 2336 ad
378 2299 417 2335 ore
431 2285 527 2339 venito.
565 2278 652 2337 Cauta*
666 2284 733 2336 enirn
748 2278 860 2354 cogniti,
882 2283 951 2356 quod
963 2306 972 2338 o

243 2426 246 2431 ,
325 2360 418 2416 alteris
428 2362 558 2433 prestare
572 2378 673 2434 aeqreoro
685 2364 749 2430 erit,
769 2364 848 2417 etiarn
860 2362 972 2419 nolenter

319 2441 395 2513 stare
407 2458 501 2511 cogare.
536 2439 583 2496 Ad
596 2441 655 2497 haec
671 2441 815 2498 Laevinur:
838 2441 891 2497 Nos
905 2461 972 2518 nequ

325 2518 511 2593 troversiarum
525 2521 668 2594 nostrornm
682 2533 709 2577 te
714 2521 840 2596 sternimus
854 2523 972 2581 arbitrrer

325 2618 374 2676 que
391 2598 482 2676 bostem
498 2602 709 2675 pertimescimus.
751 2601 791 2658 Tre
804 2600 865 2658 vero
884 2604 972 2678 obferre

325 2701 385 2738 core
404 2681 513 2753 videris,
540 2684 627 2757 torosos
647 2683 744 2739 alienet
765 2683 909 2758 cognoscere
920 2684 972 2758 sot.

327 2765 371 2833 qui
387 2766 506 2836 propriae
526 2763 609 2840 rulftae
631 2783 700 2832 reos,
721 2762 828 2819 nondum
850 2764 942 2821 Itoliae
964 2770 972 2822 i

325 2841 408 2910 nostro
429 2846 507 2900 initae
522 2856 614 2918 paros
636 2845 704 2900 nobis
722 2843 871 2917 pependisti.
916 2845 972 2919 Erg

325 2916 450 2978 advertis
462 2935 490 2983 te
502 2920 597 3006 oinos,
618 2922 695 3000 quom
709 2920 832 3006 advertet
844 2922 972 2987 rarenter
