1956 3736
130 162 135 169 ·
188 140 378 212 Surrenti.
401 140 536 203 LXVI.
559 140 719 205 Lrvrau.
765 161 819 225 153

76 279 181 355 girant,
202 281 278 377 quod
293 281 470 342 Messanam
457 306 472 342 a
486 282 576 342 Poenis
590 287 615 341 δι
630 282 754 341 Hierone
768 279 821 338 dis·
830 300 862 348 υ
873 300 902 348 c.

84 363 158 422 ceslu
173 356 260 442 Appii
278 363 386 439 Claudii
406 364 492 422 acriis
511 364 671 435 infestatam,
690 362 745 420 illis
758 361 820 420 sub·
837 367 898 428 489·

84 443 180 515 motis,
201 445 255 502 hoc
267 440 452 517 reconciliato
473 445 613 505 liberasset.
830 433 859 477 Α·
872 434 901 480 ⁶·

126 524 278 584 XLVIII.
300 526 377 583 Inter
390 527 449 583 haec
466 546 552 603 quum
568 524 656 592 adhue
664 521 821 602 pestilentia
839 494 898 561 ²⁶'3

83 619 197 663 vexaret
218 605 330 676 urbem,
356 605 516 666 didiatorem
536 605 606 665 clavi
625 605 727 677 figendi
745 601 823 663 causa

82 683 142 742 dici
160 685 272 762 placuit
315 650 414 746 bidus
432 688 468 746 est
488 688 543 746 Cn.
566 686 690 758 Fulvius,
712 685 767 744 Cn.
784 686 821 746 F.

83 766 142 826 Cn.
165 767 206 823 N.
238 767 381 826 Maximus
400 767 623 826 Centumalus!
616 787 639 824 ts
664 731 821 836 niagistr'um

81 846 417 987 iliilitmmEiideiiiaririiiti1
432 847 821 986 Nsdritiandioniihdiidiriii

81 1007 139 1066 esi:
163 1027 249 1084 quum
264 1007 398 1085 superiore
412 1009 538 1068 Firmum
552 1005 668 1065 deduila
688 1005 760 1078 esset,
781 1008 819 1076 tr,
924 1062 929 1069 ,

80 1100 115 1145 ut
132 1087 245 1164 quidam
264 1089 372 1161 volunt,
395 1089 528 1149 Castrum.
551 1091 588 1148 L.
607 1085 706 1144 deinde
725 1084 818 1144 Pollu·
807 1105 860 1154 ·U
870 1107 899 1163 ς,

80 1167 205 1227 miutL.
222 1171 255 1228 F.
271 1169 307 1228 L.
325 1135 372 1229 Ν.
390 1169 539 1242 Megellus,
561 1165 817 1261 QMamilith
834 1183 894 1230 490·

83 1247 120 1306 F.
137 1247 182 1307 M.
199 1248 241 1308 N.
264 1249 377 1308 Vitulus
394 1251 514 1310 eonsules
528 1250 602 1312 sosii,
645 1247 735 1307 Sicilia
752 1265 867 1349 pro·²⁶
828 1237 898 1284 ⁶⁰⁰·

66 1326 173 1393 ,vincia
191 1330 297 1407 utrique
318 1330 397 1390 data:
418 1331 538 1404 legiones
552 1352 619 1391 vero
604 1327 699 1390 duae
712 1302 895 1388 mmmm·

79 1406 217 1467 decretae:
238 1409 356 1470 sufficere
371 1412 442 1485 visae,
463 1413 626 1491 postquam
618 1433 647 1471 m
663 1411 820 1471 societatem

79 1503 194 1566 accepto
209 1491 333 1549 Hierone
353 1457 442 1550 levius
458 1493 560 1551 bellum
582 1492 684 1550 fadum
703 1505 770 1550 erat.
792 1493 818 1548 δι

78 1590 141 1631 rem
160 1570 362 1631 frumentariam
376 1572 481 1630 saciliis
497 1572 618 1649 expediri
632 1571 705 1650 posse
719 1571 820 1645 seban,

78 1663 136 1722 tur,
157 1651 177 1708 si
192 1652 282 1709 minor
296 1654 429 1711 exercitus
444 1654 605 1711 mitteretur.

120 1731 233 1791 XLIX.
256 1734 387 1792 Consules
406 1733 523 1808 trajeslis
542 1733 571 1790 in
590 1733 710 1792 Siciliam
729 1730 817 1804 legio·

77 1810 171 1884 nibus,
191 1812 380 1892 sociorumque
396 1815 539 1875 contradis
556 1815 674 1888 auxiliis,
697 1814 817 1874 minores

66 1891 128 1958 ,tibi
147 1913 190 1950 res
209 1894 450 1970 praetermittendas
470 1896 531 1968 rati,
558 1896 593 1954 ad
613 1898 709 1955 urbem
731 1895 816 1969 Agri·

77 1974 218 2047 geminam
233 1976 297 2033 totis
312 1976 414 2035 viribus
431 1977 605 2036 obsidendam
624 1978 745 2037 animum
765 1977 815 2035 ad-

61 2055 211 2132 jecerunt.
253 2056 323 2113 Eam
342 2058 421 2116 rebus
440 2058 567 2115 omnibus
582 2060 659 2116 Poeni
672 2055 815 2128 largissime

76 2135 265 2207 instruxerant,
281 2136 344 2194 belli
358 2157 447 2196 arcem
466 2137 590 2194 habituri.
613 2139 713 2213 quippe
728 2156 815 2213 quum

78 2215 234 2275 Hieronem
255 2216 289 2274 ab
309 2219 427 2275 amicitia
445 2217 490 2273 sua
511 2215 645 2287 defecisse,
673 2218 815 2274 Romanos

76 2294 172 2355 contri
185 2317 241 2356 non
258 2296 440 2374 perfundorie
452 2316 544 2354 rerum
557 2295 706 2352 Sicularum
722 2315 815 2354 curam

76 2376 210 2455 capessere
223 2393 363 2438 cernerent
372 2404 382 2446 ;
404 2376 575 2448 diligentiore
593 2376 630 2434 ad
647 2376 749 2436 bellum
766 2398 815 2455 ap·

64 2471 172 2537 ,paratu
191 2479 259 2536 opus
278 2459 330 2517 esse
349 2460 410 2530 rati,
431 2458 550 2536 primirm
566 2458 678 2536 quidem
696 2458 813 2534 praesen-

77 2539 148 2597 tium
163 2540 262 2597 virium
279 2541 412 2614 majorem
431 2553 535 2616 partem
550 2540 578 2597 in
594 2538 743 2598 Sardiniam
758 2540 812 2598 mi-

77 2618 178 2690 serunt,
199 2640 261 2696 quae
275 2619 362 2677 Italiae
377 2619 501 2678 litoribus
515 2619 692 2692 insidiaretur,
714 2634 744 2677 ut
758 2621 812 2678 hoc

76 2713 154 2760 metu
179 2698 268 2757 Sicilii
288 2700 429 2759 Romanos
449 2699 641 2770 abstraherent,
668 2712 715 2756 aut
739 2699 814 2758 certe

75 2778 240 2852 minoribus,
261 2800 343 2858 quam
357 2779 507 2852 voluissent,
529 2779 613 2854 copiis
628 2799 687 2836 rem
704 2778 742 2835 ibi
763 2796 814 2850 ge

61 2878 136 2918 rere
151 2877 286 2931 cogerent.
307 2879 375 2918 mox
388 2823 522 2917 Romanis
536 2857 571 2914 ad
584 2858 628 2916 sua
641 2856 750 2930 tuenda,
767 2858 813 2918 si

63 2937 223 3014 ‚ollamque
238 2960 312 2999 novo
326 2961 390 2999 cum
410 2938 531 2998 exercitu
548 2937 721 3015 repetendam
739 2940 811 3018 pari-

60 3019 118 3080 'ter
130 3017 329 3096 sufficientibus,
343 3022 388 3104 spe
399 3019 445 3081 ista
456 3019 523 3093 salsi,
536 3038 571 3079 ex
585 3019 732 3096 Liguribus
739 3020 811 3105 Gel-
