1956 3736
212 196 259 236 nr
288 179 483 238 Sutrinis.
510 179 672 239 Lrvrnu.
753 197 807 239 rot

70 303 305 442 nisibim
326 320 406 384 atque
424 307 518 383 etiam]
545 305 623 380 sege,
638 301 902 434 ‘hwida‘ffl'ffiiss

66 463 112 523 Ib.
135 466 335 525 Circumvesiis
346 467 473 544 propere]
489 466 680 527 circumsessi.
697 463 804 522 Dnnrc.

68 565 118 623 ²9·
140 545 196 603 Sed
204 547 301 622 quibus
312 547 650 624 poterat-succurrebat]
664 547 740 619 lege,
749 543 805 602 Sed
882 591 889 596 .

60 653 61 656 ¹
107 626 208 702 quibus
220 628 591 702 poterant-succurrebant.
614 627 722 684 Gaou.

66 705 113 765 Ib.
136 705 192 763 Sed
204 708 274 765 vedis
287 709 382 784 nodie]
402 709 510 783 Forsan,
526 708 629 767 Evetti.
651 707 752 765 Casu.

68 805 116 863 30.
138 786 315 862 Genusuum]
338 789 414 862 Lege,
431 789 582 848 Genusum.
605 787 682 844 Idem.

107 865 151 923 Ib.
175 866 252 926 Tum
268 868 350 925 classis
362 869 397 926 ad
417 869 508 943 [oram
520 867 592 926 haud
605 865 700 942 procul
712 864 801 942 Apol-

63 945 138 1003 lonii
151 945 244 1007 stabat.
277 948 344 1006 Huc
358 949 471 1007 recurrit
483 948 607 1017 Anicius,
627 966 659 1003 ac
672 945 748 1003 brevi
761 944 800 1001 ss·

63 1026 191 1103 sequutus
206 1027 316 1104 illyrios
330 1029 504 1107 praedatores,
519 1026 721 1101 congressusque
735 1034 801 1081 cum

64 1106 115 1176 eis,
136 1111 162 1173 ἀ
176 1106 279 1183 perleui
296 1111 407 1180 negotio
419 1110 516 1178 vision,
537 1107 639 1184 aliquot
650 1126 731 1163 naues
746 1106 798 1160 ho-

64 1186 143 1244 stium
165 1188 248 1263 cepit,
270 1202 371 1247 ceteras
391 1203 512 1265 repetere
532 1188 674 1263 illyricum
695 1185 797 1255 coegit.

64 1265 134 1323 Inde
148 1266 177 1324 in
190 1267 271 1324 castra
283 1267 317 1325 ad
330 1269 472 1328 Genusum
483 1267 623 1341 regressus,
637 1266 672 1326 ad
683 1265 799 1325 Bassani-

64 1360 153 1405 tsrum
173 1347 305 1407 auxilium
326 1351 489 1427 properavit.
527 1350 596 1407 Non
616 1349 735 1407 sustinuit
756 1350 797 1404 sa-

63 1446 137 1484 mam
162 1426 332 1486 adventantis
355 1431 476 1507 praetoris
499 1429 633 1502 Gentius,
659 1429 826 1505 solutasque-

63 1505 204 1565 obfidione
224 1508 355 1570 Scodram
373 1509 399 1568 se
420 1510 534 1568 contulit
555 1525 611 1567 tarn
629 1509 732 1585 trepidi
753 1509 799 1566 fu·

61 1587 109 1656 gd,
130 1602 216 1645 utne
236 1600 326 1647 totum
345 1590 457 1666 quidem
476 1591 626 1647 exercitum
643 1588 799 1648 abduceret.

61 1667 167 1738 Magna
181 1687 242 1743 pars
254 1670 405 1746 copiarum,
419 1690 491 1747 quae,
506 1669 525 1726 sr
537 1669 594 1726 dux
608 1668 720 1746 praesens
730 1687 798 1723 con-

60 1747 187 1805 firmasset
209 1749 325 1820 animos,
345 1752 446 1808 morari
464 1746 604 1809 Romanos
624 1761 748 1825 poterant
767 1767 795 1804 a·

61 1827 155 1901 mtho
170 1847 214 1884 eo.
236 1829 334 1889 Cursu.

63 1925 112 1984 3¹·
139 1907 240 1967 Multis
262 1909 382 1967 millibus
401 1924 568 1970 armatorum
589 1910 677 1986 auis]
704 1911 793 1982 Forte,

104 1987 224 2045 Cussiis.
245 1988 353 2046 Gnou.

103 2086 151 2143 32.
175 2068 219 2127 En
233 2071 391 2147 propinquis
410 2071 489 2146 sylvis
511 2071 597 2145 [ligna
611 2085 712 2147 petere.
747 2071 798 2130 In·

57 2147 96 2207 de
111 2148 239 2206 sirudium
254 2149 367 2221 vallum,
387 2152 586 2226 propugnacula
600 2150 724 2221 excitata,
745 2151 795 2206 ad-

55 2228 136 2304 jectis
152 2229 268 2287 turribus
284 2229 462 2307 dispositisque
476 2231 576 2306 ubique
591 2231 745 2300 tormentis,
759 2231 799 2288 ita

57 2310 148 2384 ripam
162 2307 353 2381 defendebant,
375 2324 405 2367 ut
419 2325 556 2384 penetrare
570 2309 652 2365 hostis
665 2308 719 2366 sine
733 2329 796 2379 gra-

56 2389 87 2445 vi
101 2388 250 2447 certamine
264 2389 428 2466 &periculo
441 2408 496 2445 non
516 2388 609 2465 posses.
645 2388 690 2446 Sic
704 2404 796 2448 tutum

56 2468 83 2527 se
103 2468 233 2527 adversius
250 2489 362 2529 omnem
376 2471 565 2527 Romanorum
584 2470 717 2546 impetum
734 2470 798 2529 fore

56 2547 439 2627 consumendumque&
449 2551 523 2620 segni
533 2544 797 2621 morslanguescen-

55 2642 113 2699 tes,
128 2643 191 2689 tum
202 2629 351 2705 sumptibus
365 2631 507 2689 exhaustos
518 2631 608 2690 hostes
619 2630 730 2699 tandem
743 2646 796 2688 tae-

55 2708 136 2766 diurn
151 2723 208 2766 tam
223 2708 338 2772 difficilis
351 2710 417 2772 beili
429 2724 581 2786 capturum.
614 2710 710 2768 Paulus
724 2728 794 2773 con·

54 2787 111 2858 tri,
130 2806 188 2864 quo
201 2788 355 2860 diligentius
373 2796 399 2850 ὄσ
413 2788 518 2847 cauum
533 2790 630 2847 omnia
638 2787 710 2864 apud
725 2790 793 2849 Ma.-

53 2869 174 2926 cedonas
194 2868 298 2944 provisa
311 2875 337 2927 δι
353 2867 484 2928 cusiodsta
497 2868 632 2938 cernebat,
653 2887 688 2925 eo
704 2869 797 2929 acrius

54 2967 149 3010 curaui
167 2948 323 3021 intendere,
339 2952 368 3009 in
388 2967 483 3007 omnes
503 2961 592 3024 partes
610 2949 713 3008 versare
730 2953 794 3009 ani·

54 3047 154 3101 mum,
178 3027 200 3088 fi
225 3025 281 3112 quo
302 3028 418 3093 consilio.
437 3027 554 3099 frustrari
575 3029 696 3111 hosium
716 3031 796 3112 spem

245 3166 249 3179 i
464 3128 477 3167 1
498 3127 515 3189 3
