1956 3736
159 173 223 213 eoo
316 150 740 228 J.Fnr1nsnrurr

71 293 105 343 U.
115 297 143 342 c.
164 279 257 342 iisdem
272 279 437 356 temporibus
449 292 601 355 perpetrata
613 297 656 333 res
671 276 795 336 traditur.
816 276 887 334 Mer·

81 375 139 419 497·
164 365 284 424 cenarios
309 361 382 416 enim
408 358 445 414 ob
471 372 596 425 nauatam
622 355 759 427 hiligniter
789 376 888 434 operam

73 427 141 475 Μ’·
163 445 273 522 praernia
286 440 366 516 paulo
382 437 569 495 tumultuosius
585 437 760 507 efflagitantes
776 438 805 494 in
819 457 889 494 nares

83 502 139 546 ²55·
163 523 357 599 imposuerunt,
378 519 446 576 fasti
464 519 507 594 spe
526 519 579 574 alio
593 517 716 595 quodam
731 517 796 576 loco
816 519 890 576 tribu·

162 621 221 661 tum
236 601 299 679 ipsis
315 602 347 657 iri
359 599 436 677 quod
450 613 580 676 peterent.
602 597 648 655 sed
664 595 679 654 i
698 599 835 674 praeseslis
852 619 892 673 na-

163 685 252 753 vium,
273 682 372 759 quibus
386 679 415 737 id
432 679 534 751 negotii
549 677 644 735 datum
662 677 734 736 claun
753 679 852 750 fuerat,
869 680 892 736 in

163 764 267 821 deserta
279 762 396 840 quadam
410 761 492 817 insula
512 759 623 836 expositi
640 759 795 836 relislique,
817 779 893 838 quum

157 841 256 903 'omnis
271 844 395 901 humana¹
407 843 465 918 opis
480 860 591 911 egenos,
612 839 665 897 fine
677 839 830 912 alimentis,
848 840 894 911 stne

164 926 289 996 navibus,
310 944 398 1001 neque
414 941 521 979 manere
540 920 636 991 fames,
656 940 748 996 neque
763 921 838 980 abire
854 941 894 998 pe·

165 1008 242 1078 lagus
259 1005 365 1075 sineret,
386 1003 462 1061 soedo
481 1000 671 1078 horrendoque
688 1021 791 1071 genere
810 1002 895 1061 mortis

166 1087 352 1146 extabuerunt.
388 1083 472 1160 Apud
494 1083 560 1139 alios
579 1082 700 1139 austores
724 1082 831 1140 facinus
851 1084 895 1140 hoc

165 1167 201 1225 ad
215 1167 347 1242 superiora
363 1180 484 1240 tempora
499 1161 593 1219 rcserri
606 1161 724 1238 reperio,
739 1163 840 1239 quibus
853 1165 896 1238 Sy-

163 1248 283 1306 racusani
305 1245 406 1302 bellurn
426 1264 491 1300 curn
512 1242 602 1300 Poenis
621 1241 760 1300 habuere:
787 1265 896 1302 nomen·

165 1347 220 1406 que
234 1325 353 1383 mansisse
372 1323 467 1380 infami
486 1323 614 1398 deinceps
633 1322 736 1393 irtliilae,
759 1339 790 1380 ut
807 1325 896 1382 Osteo-

165 1405 215 1464 des
238 1405 400 1478 (Offuariam
419 1403 554 1481 possemus
573 1403 674 1473 dicere)
697 1419 851 1464 vocaretur.
870 1425 897 1462 ea

164 1486 225 1566 post
240 1487 378 1563 Liparam,
401 1484 583 1542 Occidentem
600 1483 692 1541 versus
712 1484 742 1540 in
762 1486 818 1544 alto
837 1485 898 1559 mari

166 1568 215 1627 sita
229 1569 273 1626 esl.
316 1567 386 1645 Qae
400 1566 469 1623 faeta
483 1563 757 1642 quomodocumque,
778 1583 825 1623 aut
835 1587 898 1644 quo·

166 1669 286 1726 cumque
306 1662 429 1727 tempore
448 1646 596 1716 evenerint,
618 1642 633 1701 i
652 1662 741 1703 cetera
756 1647 896 1705 Poenomm

165 1729 333 1787 immanitate
347 1728 414 1783 nihil
428 1727 572 1783 abhorrens
588 1724 698 1785 habent.
919 1720 922 1728 ’

208 1809 334 1866 XXXII.
358 1807 459 1883 Neque
474 1806 557 1876 igitur
574 1805 729 1864 mirandum
745 1805 793 1879 est,
816 1807 896 1884 quiin

166 1887 252 1944 socios
271 1885 456 1962 adjutoresque
476 1886 536 1942 suos
555 1885 609 1942 hoc
627 1887 719 1943 animo
741 1885 896 1959 fuerunt,s

166 1964 309 2025 adversum
333 1965 421 2022 hostes
444 1964 528 2023 iidem
549 1966 574 2024 se
599 1967 732 2038 gesserunt
755 1968 896 2027 inclemen-

167 2046 230 2106 titis.
272 2047 435 2126 Quanquam
459 2044 582 2124 profesti
607 2064 711 2106 ceteros
733 2051 895 2146 captivorum

168 2129 228 2188 satis
247 2127 418 2186 tolerabiliter
432 2128 549 2186 habuisse
565 2128 703 2186 seruntur:
726 2130 804 2207 quod
819 2125 895 2206 &ips

169 2210 270 2269 multos
296 2229 329 2267 ex
354 2208 403 2266 suis
429 2209 458 2265 in
482 2210 609 2286 potestate
636 2209 830 2269 Romanorum
853 2209 895 2268 else

168 2291 295 2362 sciebant,
316 2309 385 2367 quos
407 2290 603 2368 permutatione
623 2289 741 2347 instituti
763 2291 896 2369 cupiebant

168 2373 298 2446 recipere.
333 2368 387 2426 Sed
401 2369 528 2428 adversus
543 2371 589 2428 M.
602 2371 744 2441 Regulum
756 2393 844 2451 neque
855 2371 894 2430 ab·

168 2450 295 2511 scondere
314 2449 399 2522 iram,
425 2471 513 2528 neque
534 2449 668 2508 moderari
688 2467 814 2528 potuere,
839 2453 894 2530 quin

168 2530 295 2590 omnibus
310 2529 400 2588 modis
412 2545 541 2588 vexarent
553 2531 642 2588 virum
655 2550 847 2612 angerentquc.
861 2532 895 2589 ci·

169 2611 236 2671 bum
252 2611 325 2668 enim
340 2609 503 2688 praebebant,
523 2632 581 2669 non
595 2613 642 2689 qui
656 2613 701 2668 vel
715 2615 859 2692 voluptatis
871 2631 893 2668 a·

169 2691 257 2772 liquid
277 2691 372 2750 afferre
390 2692 515 2764 sensibus,
537 2693 580 2750 vel
596 2691 698 2763 vigoris
716 2695 827 2772 corpori
844 2691 894 2772 pos·

118 2817 121 2823 -
168 2775 223 2833 set:
245 2772 289 2832 sed
308 2774 354 2851 qui
370 2773 515 2831 tenuissimi
531 2772 677 2830 refeslione
694 2773 818 2850 spiritum
836 2775 893 2832 ins·

168 2854 227 2912 licis
241 2855 275 2911 ad
288 2853 476 2930 producendas
489 2855 545 2929 ejus
556 2852 671 2913 miserias
686 2853 830 2927 detineret,
863 2857 895 2913 At

167 2935 317 2992 acerbiores
330 2949 404 2992 erant
416 2934 587 2991 contumelia
601 2950 749 3011 perpetuae,
760 2938 829 2995 inter
839 2953 893 3016 quas

165 3013 357 3077 consueverant
369 3014 530 3076 creberrime
539 3015 713 3094 elephantum
723 3017 842 3100 aliquem
853 3016 893 3092 ads
