1956 3736
175 151 682 212 Susrnan.L.XX.L1vrau.
737 155 794 230 283
890 240 893 245 Ι

59 278 143 338 causis
162 279 263 337 bellum
282 281 351 339 istud
370 282 529 361 susceptum,
550 280 603 361 quai
617 277 725 340 fortuni
746 299 793 350 ge·
804 293 827 338 U
845 293 875 341 c.

61 359 142 430 stum,
153 360 301 437 quibusque
312 362 511 423 conditionibus
522 366 627 423 finitum
641 362 713 421 esset.
737 361 794 418 Co·
814 370 871 416 5²4·

60 440 142 497 miter
159 443 265 518 excepti
279 441 449 519 studioseque
469 445 553 502 auditi
571 446 642 515 sunt,
663 440 740 522 quod
757 460 795 499 eae
805 424 872 533 ξιξ

59 521 182 579 nationes
209 523 345 600 ceterique
370 522 465 581 Graeci
491 526 665 584 vehementer
685 523 796 582 exosum
863 514 872 535 ⁰

60 600 195 660 habebant
210 603 368 679 Illyriorum
386 624 498 676 nomen,
520 606 556 663 ob
573 607 699 664 continua
712 606 797 663 latro·

59 683 139 752 cinia,
161 703 222 760 quae
239 684 286 741 sub
307 687 421 756 Agrone
441 686 586 763 Teutaque
609 702 792 747 exercuerant.

61 762 133 819 Haec
150 765 196 820 ubi
211 763 327 821 domum
340 767 465 822 nunciata
481 765 550 836 sunt,
571 765 673 823 senatus
687 767 737 823 rite
752 783 793 825 at·

60 862 114 917 que
127 843 223 900 ordine
235 841 250 900 h
261 845 420 920 proconsule
432 845 501 902 sadla
515 846 566 903 elle
580 845 690 914 censuit,
701 846 794 903 aliam·

60 941 114 997 que
128 923 215 979 statim
228 924 391 992 legationem
403 925 534 997 decrevit,
546 945 607 1003 quae
621 925 794 1001 publicono-

60 999 134 1058 mine
152 1002 309 1061 Corinthios
330 1010 355 1062 δι
373 1005 551 1064 Athenienses
569 1005 665 1075 adiret,
687 1006 795 1081 populi·

61 1101 115 1159 que
126 1083 243 1143 Romani
254 1084 371 1144 studium
382 1106 446 1160 erga
456 1086 584 1158 Graecos,
604 1090 630 1143 δι
641 1086 797 1163 aequitateut

52 1182 125 1233 erga
138 1183 232 1222 omnes
246 1167 459 1228 commendaret.

102 1245 248 1306 XXXIII.
272 1247 312 1304 Ea
326 1269 367 1307 res
382 1269 509 1321 magnam
523 1248 552 1306 in
566 1248 599 1306 iis
613 1247 690 1306 terris
704 1245 797 1304 nomi-

59 1323 88 1380 ni
111 1326 238 1386 Romano
258 1327 475 1388 benevolentiam
494 1331 613 1407 peperit,
639 1325 795 1386 confestim·

58 1422 113 1481 que
139 1407 249 1466 decreto
273 1409 479 1468 Corinthiorum
504 1410 593 1468 honor
618 1409 662 1467 hic
689 1408 795 1486 populo

58 1483 188 1547 Romano
206 1489 242 1545 est
258 1487 375 1560 habitus,
396 1503 427 1547 ut
448 1490 625 1547 Isthmiorum
648 1490 711 1566 (qui
733 1488 795 1546 ludi

58 1564 128 1624 inter
147 1581 263 1643 quatuor
280 1567 469 1625 celeberrimos
488 1568 546 1625 sunt
562 1569 690 1640 Graeciae)
711 1568 795 1645 parti·

58 1646 132 1720 cipes
155 1647 324 1706 haberentur.
360 1646 485 1705 Maximi:
506 1649 595 1706 movit
616 1668 674 1720 eos,
695 1662 796 1724 praeter

58 1724 237 1801 Apolloniam
261 1731 287 1784 δι
313 1726 375 1785 alias
404 1728 498 1787 Graeci
524 1730 629 1800 generis
653 1729 792 1800 civitates,

58 1806 180 1882 Corcyra
199 1805 315 1866 libertati
335 1807 450 1880 reddita,
475 1829 538 1887 quae
561 1809 668 1867 colonia
690 1809 793 1867 Corin-

57 1886 176 1945 thiorum
190 1886 286 1948 suerat.
321 1889 496 1949 Athenienses
511 1911 620 1968 quoque
637 1890 791 1950 societatem

58 1966 212 2026 Romanam
226 1970 343 2045 amplexi
357 1970 543 2042 decreverunt,
560 1986 589 2029 ut
600 1973 732 2029 Romanis
744 1975 790 2047 jus

56 2047 172 2106 civitatis
188 2049 299 2119 Attica,
322 2050 522 2125 Initiorumque
538 2051 735 2108 Eleusiniorum
750 2051 790 2107 es-

55 2127 103 2187 set.
136 2129 243 2186 lnterea
257 2129 312 2187 Cn.
325 2129 437 2185 Fulvius
452 2128 608 2204 proconsule
623 2129 792 2204 triumphum

54 2208 178 2266 navalem
197 2229 232 2266 ex
252 2208 352 2284 illyriis
371 2208 427 2278 egit
442 2209 479 2264 A.
491 2207 530 2264 D.
547 2207 683 2264 Kalendas
700 2209 791 2284 Qin-

56 2289 133 2346 tiles:
156 2294 181 2346 δι
200 2288 334 2366 principes
351 2289 477 2365 Illyricos
495 2289 523 2345 in
540 2287 678 2364 triumpho
695 2288 790 2344 dusios

55 2369 139 2426 securi
160 2369 291 2445 perculsit.
324 2370 381 2427 Hic
401 2369 503 2445 primus
523 2368 558 2425 de
574 2368 674 2443 Illyriis
694 2368 790 2425 trium·

56 2449 126 2528 phua
138 2450 199 2507 fuit.
234 2452 317 2508 Anno
331 2450 456 2526 sequente
472 2451 502 2509 P.
515 2448 626 2506 Valerio
643 2451 678 2508 L.
694 2451 727 2507 F.
743 2449 788 2508 M.
798 2451 830 2496 U·
841 2455 868 2500 C·

57 2530 98 2588 N.
123 2530 233 2601 Flacco,
255 2532 301 2589 M.
318 2531 405 2588 Atilio
425 2532 470 2590 M.
493 2533 525 2589 F.
550 2531 596 2588 M.
618 2530 659 2589 N.
681 2530 791 2601 Regulo
800 2528 864 2625 And·

56 2608 223 2669 consulatum
240 2611 404 2682 gerentibus,
425 2624 574 2688 praetorum
589 2609 739 2687 duplicatus
754 2611 790 2667 e'st
807 2613 876 2708 227⁶:-

54 2711 195 2761 numerus‚
216 2692 409 2768 quaternosque
431 2692 514 2749 creari
535 2690 632 2759 visum,
656 2706 686 2748 ut
707 2689 790 2748 essent

55 2771 103 2850 qui
116 2771 145 2828 in
153 2771 272 2829 Siciliam
281 2771 483 2848 Sardiniamque
496 2770 645 2846 provincias
660 2790 723 2827 cum
736 2768 790 2828 im·

54 2851 131 2930 perio
143 2853 322 2913 mitterentur.
341 2871 376 2909 ex
386 2853 428 2908 his
439 2852 484 2910 M.
494 2850 620 2908 Valerius
628 2850 789 2922 Sardiniam,

54 2932 263 3010 attributamque
283 2932 345 2991 huic
361 2931 509 3001 Corsicam,
531 2931 567 2991 C.
585 2930 732 2992 Flaminius
748 2933 789 2992 Si·

53 3009 145 3073 citiam
159 3011 243 3075 sortiti
257 3012 324 3073 sunt.
