1956 3736
214 178 273 237 ¹44
364 160 790 238 trerminum

115 305 150 351 υ.
162 305 193 351 c.
210 311 258 367 per
272 289 330 348 suos
343 287 477 358 nunciati,
498 289 604 346 nullum
615 289 675 364 jam
687 286 793 345 hostilis
804 285 934 358 transgres-

125 368 176 430 4⁸⁸
208 372 249 430 she
261 371 411 448 perieulum
429 370 480 427 effe
499 370 634 446 reliquum
647 368 840 440 existimantes,
861 367 935 426 traus-

117 438 148 479 ⁶⁴
160 437 188 481 ⁶·
207 453 275 509 itum
297 449 488 506 incustoditum
507 449 646 518 dimisere,
667 446 725 525 quei
745 469 884 526 quemque
900 448 936 506 se·

126 500 195 558 ’μ’
206 531 279 588 rebtt
292 531 396 587 animus
412 529 515 608 dilapsi.
550 529 662 598 Consul,
683 528 732 604 qui
746 529 872 586 futurum
889 529 937 586 hoe

204 612 410 685 conjectarent,
432 609 560 668 converso
576 609 624 666 sub
639 609 750 666 noctem
768 609 859 679 cursu,
880 629 937 667 curn

204 692 281 749 omni
294 691 382 762 classe,
396 693 505 748 nemine
520 710 568 767 per
582 688 704 746 tenebras
719 688 878 747 venientem
891 690 939 749 ob·

203 772 333 847 servante,
355 772 457 830 nedum
474 770 647 849 prohibente,
667 769 697 826 in
712 768 836 828 Siciliam
850 771 938 829 vesbrt

244 934 388 994 XXXIV.
411 931 511 992 Audax
521 932 551 990 id
565 945 687 1009 coeptum
701 936 726 988 8ι
740 930 898 1007 periculosa
911 952 939 991 a·

204 1015 253 1073 leae
270 1016 383 1093 plenum
397 1015 463 1072 suit:
486 1034 572 1091 quum
586 1015 694 1084 ignum
708 1012 792 1069 maris
808 1013 939 1073 exercitus

204 1117 253 1174 per
266 1097 344 1167 freta,
366 1094 466 1153 etiarnsi
479 1094 559 1151 hostis
572 1099 599 1150 δι
613 1092 730 1149 tenebrae
744 1092 875 1165 abessent,
895 1095 939 1154 suo

203 1178 313 1247 ingenio
327 1175 483 1246 metuenda,
504 1194 568 1231 curn
582 1172 694 1231 rudibus
711 1176 737 1228 &
750 1173 882 1250 imperite
899 1175 936 1235 fu·

203 1256 311 1314 bricatis
329 1255 442 1326 navigiis
459 1257 542 1313 noslu
561 1268 667 1313 rueret:
689 1252 828 1331 dignaque
843 1276 886 1314 ret
898 1256 938 1314 ui·

201 1337 237 1408 sa,
258 1356 321 1413 quae
333 1336 414 1394 etiarn
428 1336 494 1392 novi
508 1333 678 1406 cognominis
690 1352 873 1394 monumento
886 1344 938 1413 po'·

200 1416 272 1474 stetis
291 1415 475 1474 innotesceret.
497 1413 574 1492 qubd
590 1415 665 1473 enim
682 1414 843 1474 caudicariia
861 1417 937 1475 navi·

201 1497 252 1555 bus
267 1497 360 1555 multis
375 1496 403 1553 in
417 1495 610 1554 transvehendo
624 1494 711 1553 milite
725 1494 787 1553 usus
799 1497 875 1569 esset,
890 1496 936 1555 ad·

202 1577 345 1637 miratione
370 1578 433 1636 faeti
455 1577 590 1634 Caudium
613 1576 686 1634 istius
706 1577 759 1632 aevi
783 1577 936 1657 fimplitiut

201 1661 356 1736 appellavit.
391 1659 531 1717 Hactenus
545 1658 619 1716 eninr
633 1675 726 1714 retum
739 1659 934 1718 maritimarum

202 1739 271 1797 adeo
298 1740 387 1796 nullus
408 1739 540 1797 Romanis
564 1738 625 1796 usus
649 1736 752 1808 fuerat,
778 1753 811 1796 ut
830 1740 867 1798 ad
886 1740 934 1799 hoc

200 1821 267 1876 tanti
282 1819 415 1877 momenti
432 1819 584 1888 negotium,
605 1836 694 1895 neque
709 1818 810 1877 testam
827 1840 933 1891 navem,

197 1916 287 1973 neque
306 1897 427 1968 longam,
448 1917 483 1954 ne
502 1897 627 1957 lembum
647 1896 871 1974 quidemunum
889 1902 933 1959 ht-
971 1925 976 1934 ·

198 1976 302 2049 benerit,
323 1977 368 2035 sed
387 1977 541 2036 triremibus
555 1998 620 2056 quas
636 1977 781 2037 Tarentini
797 1981 933 2060 Locrique

198 2062 263 2118 c'utn
283 2058 384 2117 Eleatis
402 2058 632 2135 &Neapolitanis
651 2058 832 2120 commodat&
851 2062 932 2121 dede-

198 2154 267 2213 rant,
288 2145 315 2199 &
326 2140 488 2211 actuariolin
509 2159 572 2218 quae
585 2138 780 2218 quinquaginta
795 2162 931 2205 murorum

197 2223 291 2292 essent,
311 2237 460 2281 uterentur.
803 2248 807 2255 ¹

208 2340 213 2347 -
236 2303 363 2362 XXXV.
387 2302 517 2362 Ceterum
536 2302 654 2380 Appius,
675 2322 762 2380 quum
784 2304 858 2365 fortir
876 2323 929 2364 non

196 2382 277 2453 longe
290 2383 323 2439 ab
335 2403 368 2441 eo
379 2383 452 2456 loco,
460 2383 508 2441 ubi
520 2384 601 2441 castra
611 2398 686 2441 erant
694 2384 928 2460 Syracusanorum,

195 2463 346 2539 appulisset,
367 2465 520 2522 cohortatus
539 2464 600 2522 suos
620 2478 777 2542 certamque
791 2468 928 2525 vitiorium

196 2544 340 2614 ostentans,
359 2544 381 2601 st
399 2543 452 2602 tale
470 2543 538 2601 nihil
557 2543 715 2622 suspicantes
734 2548 927 2625 opprimerent,

196 2625 318 2702 protinus
337 2624 372 2681 ad
393 2624 511 2683 hostium
530 2625 710 2702 oppugnanda
728 2629 811 2687 eastra
833 2628 926 2707 pergit.

195 2705 286 2765 Hiero
302 2704 389 2763 subito
406 2705 526 2763 tumultu
539 2705 654 2777 excitur,
674 2710 701 2764 &
715 2706 770 2783 ipse
788 2707 884 2768 contri
900 2727 925 2765 e·

194 2787 271 2846 ducit
285 2787 375 2864 copiae
389 2806 440 2865 pro
452 2801 575 2863 ternpore
585 2787 731 2846 munuae.
754 2788 785 2847 fit
799 2790 925 2868 aliquant·

194 2866 242 2924 din
261 2883 398 2927 certamen
415 2887 496 2925 acre:
517 2867 653 2945 pelluntur
672 2867 793 2927 Romani
815 2870 923 2948 equitet.

193 2943 239 3001 sed
264 2948 415 3020 legionibus
441 2946 579 3006 fortissimb
606 2948 789 3025 praeliantibua
813 2951 924 3009 vincitur

194 3023 295 3099 Hiero,
316 3030 395 3106 seque
407 3049 471 3090 curn
484 3028 537 3088 suis
552 3027 672 3108 trepidus
685 3029 756 3092 iutra
770 3031 873 3093 nullutn
883 3048 922 3091 te·
