1956 3736
172 157 229 229 184
323 153 743 230 urrunnun

63 281 105 336 ν,
117 292 146 340 c,
167 273 297 332 tulerunt.
325 270 456 342 Amilcar,
472 267 528 346 qui)
544 271 734 330 Romanorum
749 270 832 329 aciem
845 267 889 325 dis-

84 359 142 416 494.
168 354 296 423 traheret,
321 352 373 409 suin
392 366 568 426 praeeperat,
592 364 625 408 ut
648 350 789 409 commisii
811 347 893 426 pugni

73 423 102 468 Α·
113 425 141 469 ⁰·
167 431 259 502 sugam
274 427 404 489 continuo
418 430 588 507 capesserent.
612 431 687 509 quod
701 451 787 508 quum
799 422 892 487 facturi
918 495 920 500 ¹

83 486 140 544 ²5⁶·
165 511 238 582 effer,
263 512 437 588 Romanique
458 511 584 569 cedentes
607 510 687 568 avidi
709 511 893 588 persequeren-

164 605 217 661 tur,
240 592 291 648 iilir
307 591 419 668 quidem
433 591 469 648 ob
483 591 647 648 celeritatem
664 593 776 648 navium
790 591 895 649 innoxia

162 671 226 741 fuga
247 672 320 733 fuit:
348 686 376 729 at
398 671 587 729 Romanorum
609 673 689 742 acics,
716 672 757 728 uti
778 673 895 728 voluerat

163 751 287 809 Amilcar
311 750 534 828 praevidcratque,
560 751 661 808 divulsa
680 751 727 821 cst,
754 752 894 810 triariis&

163 831 241 889 tertii
253 833 330 889 classe
344 832 390 890 suo
402 832 491 889 adhuc
502 833 564 888 loco
578 832 603 887 se
618 832 781 889 terrentibus.
812 829 894 910 Q⁰d

161 911 210 970 ubi
231 913 382 988 perfectum
402 911 453 970 eise
472 912 552 982 vidit,
573 909 659 969 subito
676 910 723 968 dat
742 909 837 970 ienavi
854 911 895 968 sua

160 991 278 1064 rignum,
299 1007 330 1051 ut
348 991 481 1050 conversis
498 991 585 1070 proris
605 1011 725 1067 pugnam
744 1013 811 1050 cum
829 992 894 1050 inse·

159 1073 305 1150 quentibus
316 1075 416 1132 incant.
439 1073 564 1130 Certatur
576 1071 704 1142 ambiguo
715 1072 821 1144 Marte,
833 1073 892 1130 1³oe-

159 1153 202 1210 uio
223 1152 366 1211 velocitate
386 1157 413 1210 δι
433 1152 528 1228 peritii
547 1152 660 1208 nauticae
682 1152 734 1221 rei,
760 1153 894 1212 Romania

156 1233 257 1290 robore
266 1234 384 1291 militum
396 1231 478 1303 longi
490 1231 678 1308 superioribus,
688 1232 787 1310 Itaque
796 1253 893 1312 quam·

156 1312 206 1370 diu
223 1314 334 1370 navium
356 1312 446 1390 potius
465 1310 547 1389 quim
565 1311 710 1369 hominum
729 1333 823 1388 pugna
842 1313 892 1372 effic

154 1393 255 1471 potuit,
278 1393 378 1450 Punica
391 1413 434 1449 res
448 1391 521 1449 haud
535 1389 617 1449 dubit
629 1390 736 1449 meliori
750 1393 814 1452 loco
825 1407 891 1454 erat.

155 1471 201 1530 scd
213 1473 319 1550 quoties
331 1492 475 1530 corvorum
487 1472 560 1546 jactu
573 1471 705 1543 colligatis
717 1474 832 1533 navibus
845 1494 891 1532 co·

154 1552 249 1611 minua
267 1553 381 1631 pugnari
402 1564 531 1630 carpent,
552 1571 634 1628 penes
652 1552 814 1612 Romanum
836 1565 891 1614 erat

152 1646 226 1693 certa
244 1634 376 1701 victorin
397 1653 483 1712 quum
502 1632 581 1690 miles
600 1652 682 1691 manu
701 1633 800 1707 fidens,
820 1640 847 1692 δι
861 1636 891 1694 in

151 1713 296 1791 conspectu
314 1713 454 1772 consulum
472 1731 605 1790 pugnans,
626 1711 793 1784 infignitiore
807 1714 894 1794 operi·

152 1794 282 1852 virtutem
295 1793 369 1850 suam
380 1793 423 1849 hia
437 1792 586 1870 approbare
600 1793 787 1855 contenderet.

189 1873 270 1952 vn.
293 1872 372 1929 Dum
385 1872 415 1928 in
426 1891 459 1929 ea
469 1885 545 1949 parte
557 1871 593 1930 fic
607 1872 762 1946 dimicatur,
784 1875 888 1936 Hanno

150 1966 216 2010 cum
230 1950 327 2009 dextro
338 1969 433 2022 cornu,
445 1951 522 2028 quod
533 1951 662 2011 hactenus
676 1954 826 2014 immotum
838 1957 887 2015 ha·

150 2030 255 2104 buerat,
276 2032 305 2089 in
322 2031 475 2090 triariorum
494 2051 576 2091 naver
593 2035 714 2094 invectus
728 2032 743 2092 ir
758 2037 828 2094 mari
846 2037 887 2096 fe·

149 2112 188 2171 cit
208 2114 358 2191 impetum,
384 2112 544 2192 magnusque
568 2114 597 2172 in
621 2116 752 2185 angustias
772 2116 886 2176 redactio

148 2192 294 2252 molestum
314 2194 427 2252 omnino
444 2194 587 2266 negotium
607 2195 740 2256 exhibuit.
776 2197 884 2256 Eodem

147 2272 236 2333 ferme
250 2289 373 2352 tempore
386 2274 484 2334 sinistra
498 2294 608 2353 quoque
622 2275 883 2349 Carthaginiensium

147 2355 229 2427 acies,
245 2355 347 2414 mutati
360 2356 450 2433 priore
463 2354 561 2427 forma,
575 2360 602 2414 &
613 2357 717 2435 aequati
730 2356 822 2418 fronte
836 2379 882 2419 ro·

146 2435 206 2493 stris
225 2436 325 2493 infestis
346 2437 454 2494 tertiam
470 2436 659 2496 Romanorum
679 2438 799 2512 claffcm,
821 2459 881 2519 quae

144 2514 304 2591 hippagincs
319 2516 441 2575 remulco
459 2515 589 2587 trahebat,
610 2517 725 2579 invadit,
762 2520 880 2580 Romani

144 2594 256 2654 dimissis
274 2595 384 2653 funibus
399 2596 433 2654 ad
448 2595 620 2655 resistendum
634 2598 660 2655 se
678 2615 784 2675 parant.
821 2601 878 2660 Hic

143 2695 255 2755 quoque
273 2676 379 2734 fortiter
395 2675 559 2749 confligitur.
580 2678 715 2738 iratribus
735 2682 816 2755 locis,
836 2696 877 2741 to-

142 2756 229 2893 tidsem
251 2756 355 2816 navalia
377 2757 484 2836 praelia,
511 2776 612 2831 magno
636 2759 779 2822 intervallo
799 2761 877 2824 divisa

140 2854 176 2897 na
185 2852 291 2899 cuntur.

183 2916 277 2978 V111,
299 2920 395 2996 Qum
409 2919 447 2978 ira
459 2918 519 2979 satir
534 2917 582 2980 diu
595 2918 678 2978 dubit
691 2922 807 2985 victorii
819 2944 875 2984 ccr-

139 3006 226 3058 tatum
245 2997 321 3075 effer,
341 2999 452 3063 taudem
468 3000 570 3075 evenit,
589 3001 667 3084 quod
685 3005 825 3069 necessum
842 3005 876 3069 est
