1956 3736
169 141 359 200 struma.
382 137 678 201 L.XX.L1v1nrr.
733 144 791 222 283

56 267 170 349 perinde
184 282 214 326 ut
233 267 268 324 ad
288 265 492 344 Dyrrhachium
510 267 654 338 acciderat,
676 265 793 326 adventu
802 287 832 335 υ,
843 292 872 338 c,
954 242 957 247 Ι

59 353 194 409 Romanae
210 346 291 406 classis
305 346 408 405 obfidio
426 347 509 406 soluta
524 350 570 420 est,
592 349 694 407 diversa
708 349 737 406 in
751 349 794 406 lo·
811 366 868 414 523·

58 428 315 509 caldiffngientibus
336 427 464 498 barbaris,
486 445 581 506 praeter
603 430 726 501 Pharios,
747 429 796 508 qui
805 421 832 465 Α·
841 422 870 466 ⁰·

58 511 88 568 in
107 511 220 583 gratiam
235 509 382 578 Demetrii,
403 505 479 585 quod
492 529 527 566 ex
540 509 636 568 eadem
652 510 735 568 insula
749 529 795 569 or·
815 495 873 546 ²²9⁶

59 608 113 663 tus,
134 591 214 669 eique
228 589 275 648 sub
288 591 401 660 Agrone
419 589 559 666 praefeuus
577 591 673 663 fuerat,
695 611 795 670 corpo·
833 609 834 613 ’

59 674 133 730 ribus
146 672 276 750 rebusque
288 670 365 727 salvis
378 670 406 726 in
418 668 501 727 fidem
516 673 618 748 accepti
631 673 702 753 suntt
723 673 796 731 Haec

60 753 150 810 audita
171 752 320 809 instabilem
340 751 440 808 Teutae
460 750 581 808 animum
598 751 676 809 varie
697 773 795 812 move·

60 848 133 905 runt,
141 831 332 890 alternantibus
342 829 449 888 timoris
460 835 485 886 8c
497 829 603 888 fiduciae
615 831 708 891 causas.
719 833 796 891 Nam

60 911 127 970 ficut
145 911 234 970 amissa
252 916 278 969 ἃ
294 910 383 968 deleta
402 910 513 987 oppida,
534 911 639 969 vastatae
653 914 798 972 maritimae

61 993 196 1064 regiones,
217 990 305 1049 ubivis
323 991 422 1062 fugatae
441 990 600 1068 lllyriorum
619 992 716 1068 copiae,
737 1012 798 1050 me-

62 1088 122 1131 tum
136 1074 160 1130 ei
176 1072 327 1130 maximum
345 1071 504 1131 incufferant
513 1096 523 1139 3
543 1073 580 1131 ita
594 1071 704 1130 viciffim
724 1073 798 1149 spem

60 1153 140 1212 dabat
161 1152 346 1211 Nuttinorum
370 1150 496 1224 audacia,
524 1152 717 1211 &hibernum
737 1155 797 1228 jam

62 1254 146 1306 mare,
158 1234 235 1310 cujus
249 1231 396 1292 formidine
410 1233 518 1292 rebatur
532 1235 674 1292 Romanos
687 1231 742 1292 cito
755 1254 798 1292 re·

60 1315 191 1392 petituros
207 1314 322 1372 domum
336 1315 397 1375 effe.
432 1316 529 1393 Itaque
544 1315 701 1374 Rhizonem
717 1315 797 1392 oppi-

61 1395 129 1453 dum
142 1394 301 1468 cognomini
312 1393 398 1453 fluvio
413 1395 570 1474 impositum
587 1416 651 1454 curn
665 1396 757 1474 paucis
772 1395 800 1454 se

61 1476 191 1547 contulit,
217 1476 396 1551 exspeeiatura
416 1476 569 1534 remedium
590 1476 666 1554 quod
691 1491 800 1553 tempus

61 1557 182 1615 offerret.
217 1554 336 1612 Alebant
354 1574 453 1612 vanam
475 1556 634 1633 opinionem
653 1558 710 1614 afta
731 1577 799 1614 con-

62 1638 162 1705 sulum,
183 1635 232 1711 qui
248 1634 374 1712 plerique
391 1650 466 1711 parte
480 1636 622 1707 regionum
638 1657 702 1714 quas
718 1656 800 1694 occu·

61 1730 190 1794 paverant
203 1714 346 1771 Demetrio
360 1713 469 1787 traditi,
481 1714 687 1792 Dyrrhachium
698 1721 724 1774 &
736 1717 802 1774 clas-

61 1797 118 1856 sem
135 1800 161 1852 &
181 1794 330 1852 exercitum
349 1795 491 1857 reduxere.
529 1796 582 1855 Sed
600 1797 741 1875 postquam
760 1799 798 1869 L,

63 1875 214 1937 Postumius
240 1895 304 1933 cum
329 1876 505 1954 quadraginta
533 1877 646 1937 navibus
672 1879 800 1952 refflus,

63 1957 213 2017 exercitum
233 1976 268 2014 ex
285 1955 459 2017 finitimarum
479 1959 588 2018 urbium
603 1959 709 2018 deleeiu
723 1961 801 2033 fecit,

63 2038 202 2115 Ardyaeis‚
223 2041 248 2093 δι
261 2037 309 2114 qui
322 2053 449 2114 praeterea
465 2039 623 2115 lllyriorum
638 2040 672 2096 ad
687 2041 802 2109 societas

61 2135 119 2179 tem
140 2120 294 2176 Romanam
316 2117 491 2187 accefferant,
519 2118 643 2194 praesidio
667 2118 801 2187 futurum

61 2216 123 2260 tum
139 2194 206 2257 veni
227 2196 369 2275 desperatis
390 2196 469 2254 rebus
491 2195 542 2254 suis
563 2197 656 2254 Teuta
674 2197 709 2254 de
732 2218 800 2275 pace

62 2279 224 2362 quibussibet
238 2276 438 2334 conditionibus
452 2276 610 2334 redimenda
625 2278 765 2346 cogitavit.

104 2361 199 2421 XXX.
223 2357 292 2417 Ideo
310 2358 357 2415 sub
375 2358 483 2415 initium
501 2357 572 2415 veris
592 2357 724 2428 legatione
740 2359 800 2416 Ro·

63 2463 139 2504 mam
150 2439 236 2512 miffi,
250 2459 311 2517 quae
324 2439 458 2518 praetcrita
472 2437 553 2497 essent
566 2453 694 2516 tanquam
706 2440 799 2510 Agro·
886 2476 893 2489 ·

64 2525 107 2584 nis
121 2521 237 2598 imperio
251 2520 319 2578 faeta
334 2520 479 2592 excusavit,
500 2521 577 2596 cujus
591 2520 649 2577 aeia
667 2521 735 2578 tueri
749 2534 802 2578 ne:

64 2605 165 2664 ceffum
184 2600 234 2659 fibi
252 2600 348 2659 fuisset.
385 2601 505 2659 Romani
523 2621 580 2658 non
601 2600 651 2671 illi,
673 2601 751 2676 cujus
768 2620 800 2660 ea

64 2685 175 2764 propria
191 2682 305 2760 potestas
323 2701 379 2738 non
397 2682 469 2752 effet,
491 2687 516 2739 δι
535 2701 596 2757 quae
616 2681 652 2737 de
666 2681 800 2740 Romania

64 2765 133 2826 nihii
147 2765 199 2822 tale
213 2762 358 2832 meruiffet,
378 2762 473 2819 verum
487 2761 608 2832 Agronis
625 2761 681 2818 filio
697 2762 800 2821 Pinneo

64 2866 162 2926 pacem
181 2842 313 2901 dederunt
328 2843 371 2898 his
389 2843 511 2914 legibus:
533 2855 563 2898 ut
575 2841 707 2918 stipendia
720 2846 800 2918 impe-

67 2940 131 2986 rata
146 2925 288 3002 penderet:
310 2922 413 3000 Illyrico
429 2926 507 2994 omni,
524 2925 615 2997 paucis
636 2928 747 2999 exceptis
763 2924 799 2980 le-

66 3011 117 3083 cis,
137 3007 280 3069 decederet:
302 3022 382 3083 neque
394 3003 467 3089 ultra
482 3002 578 3084 Liffiem
589 3004 709 3083 pluribus
723 3002 802 3083 quatu
