1956 3736
170 134 357 192 Surenam.
380 133 416 193 L.
429 132 536 194 XVII.
558 132 716 194 Lrvrra.
755 152 811 212 173

67 281 116 322 nes
131 265 227 322 eorum
240 283 335 322 omnes
348 260 616 340 exasliperdidicit:
637 281 732 332 genus,
754 281 804 318 nu·
818 269 888 319 UO.

66 365 189 416 merum,
209 346 321 402 nomina
335 345 505 416 fingulorum
519 343 567 421 qui
586 344 615 401 in
634 363 665 400 ea
679 345 841 446 conjura·
824 349 886 393 49³·

67 425 143 483 tione
165 391 259 498 eistat,
284 426 431 497 cognovit:
460 424 530 495 loca,
550 438 685 502 tempora,
705 401 841 502 quibua
826 476 857 522 ²5

66 507 155 564 ausuri
170 505 299 584 quodque
313 507 413 576 forent,
434 505 593 581 exploravit.
856 479 885 528 9'

107 588 231 647 XVIII.
254 588 362 645 Nihil
352 607 410 663 jam
429 586 559 643 deerat
535 605 561 644 er
580 586 726 663 quominus
744 605 805 645 rent

64 666 101 725 ad
121 667 242 726 senatum
260 667 386 739 deferret,
407 682 504 745 praeter
522 667 677 726 facultatem
699 667 804 726 curiam

63 748 199 807 adeundi:
223 753 295 822 (nam
311 750 433 806 voluntat
448 749 597 825 supererat).
613 749 658 805 sed
672 747 802 807 Samniti-

64 829 116 888 bus
138 829 268 907 nusquam
288 830 477 887 incomitatum
497 828 652 901 sinentibus,
674 829 805 905 perficere

64 910 215 968 institutum
232 910 369 990 nequibat.
391 911 479 968 donec
492 911 644 980 excogitato
659 910 724 967 dolo
738 930 801 986 per·-

62 990 139 1048 suastt
159 991 208 1063 eia,
230 994 272 1048 uti
291 1010 338 1068 quo
355 991 397 1049 die
409 992 520 1066 senatus
538 989 689 1060 baberetur,
709 994 738 1046 in
750 992 801 1064 so-

62 1090 123 1128 rum
143 1076 296 1146 agminatim
311 1071 445 1149 progreffl,
457 1071 585 1145 fraudem
596 1071 651 1147 fili
669 1075 698 1128 in
719 1072 800 1128 dime-

61 1152 148 1209 tienda
159 1155 412 1226 frumentofatlam
426 1152 473 1227 effe
488 1154 718 1228 vociferarentur:
739 1151 803 1209 inde

63 1232 224 1306 nascituram
238 1233 386 1311 occafiorem
400 1233 492 1290 dicens
508 1247 556 1290 aut
570 1232 722 1309 exsequendi
738 1251 799 1290 con-

52 1311 117 1387 filii
126 1313 185 1386 sui,
212 1326 260 1371 aut
280 1314 350 1372 certi
361 1314 515 1390 speculandi
532 1315 597 1391 quid
612 1311 736 1371 adversis
747 1313 798 1389 stc·

57 1394 127 1450 bites
153 1395 271 1472 qufmodi
297 1409 378 1452 motus
401 1398 484 1452 animi
508 1396 651 1472 consiliique
669 1396 799 1453 Patribus
904 1463 905 1466 Ἰ

59 1475 143 1549 effic.
164 1473 273 1554 quoque
294 1475 356 1553 plus
380 1475 443 1532 fidei
463 1476 572 1547 faceret,
597 1477 652 1553 ipse
674 1475 800 1569 proceffit

50 1551 125 1626 uni,
141 1575 229 1632 neque
241 1571 372 1614 comitem
387 1553 472 1613 modo
484 1556 511 1612 se
523 1556 623 1614 tumul
624 1558 691 1613 lis
668 1577 737 1631 ejus,
752 1558 800 1615 sed

58 1635 212 1717 principem
229 1637 383 1712 ducemque
401 1635 525 1712 praebuit.
547 1637 619 1692 unde
633 1651 743 1693 vocatus
763 1637 800 1696 ad
890 1632 894 1641 ’

57 1712 190 1787 senatum,
211 1717 413 1794 conspirationis
426 1716 539 1773 occultae
553 1716 704 1792 periculum
717 1736 797 1775 com-

56 1797 199 1875 mentique
212 1798 251 1856 sui
270 1798 359 1867 causas
374 1797 506 1875 exposuit.
540 1797 630 1854 Patres
650 1797 799 1855 diffimula

54 1878 84 1935 tri
106 1878 171 1935 sasli
190 1878 360 1949 conscientia,
381 1879 510 1936 miserunt
528 1878 701 1956 quiturbam
719 1879 798 1938 illam

55 1957 163 2017 blandis
176 1959 422 2018 verbis-delinitam
436 1959 535 2017 domos
553 1959 694 2019 abscedere
713 1960 796 2036 jube·

56 2055 138 2098 rent:
160 2039 266 2098 daturos
278 2055 378 2117 operam
393 2042 498 2110 Patres,
513 2051 545 2096 ut
558 2039 662 2116 injurie?
674 2043 797 2116 quaefaa
875 2110 880 2119 ἱ

56 2127 100 2178 lia
121 2121 252 2179 diceretur
263 2120 385 2196 sublati,
397 2121 472 2197 juris
483 2119 530 2193 sui
541 2123 637 2193 ,cuique
655 2122 726 2193 copia
737 2121 794 2195 fic·
820 2161 824 2166 -

57 2214 112 2260 ret.
156 2202 200 2260 Ita
213 2202 347 2277 conjurati
362 2201 444 2258 latere
457 2200 545 2256 adhuc
562 2199 703 2257 confilium
717 2199 795 2259 suum

57 2281 238 2341 existimantes
257 2283 361 2355 digreffi
381 2280 450 2339 sunt.
478 2281 559 2337 noiie
580 2277 646 2338 vero
671 2280 798 2356 proximi
833 2316 835 2322 ·

55 2363 119 2420 suos
136 2363 246 2457 quisque
259 2363 360 2435 servos,
380 2382 448 2439 quos
466 2361 569 2418 indicio
584 2361 675 2419 Potilii
689 2360 797 2421 sceleria

56 2443 110 2501 esse
128 2445 273 2522 participes
287 2457 481 2515 cognoverant,
502 2442 598 2500 vinxit.
631 2442 795 2501 Samnitium

55 2544 168 2602 quoque
182 2524 324 2603 plerique
316 2545 345 2582 ιιι
359 2524 480 2601 hospitiis
493 2522 544 2581 suis
558 2521 754 2621 comprehensr

97 2605 181 2664 XIX.
206 2605 308 2663 Nescio
322 2605 425 2662 anhaec
439 2625 513 2675 cura,
528 2624 562 2661 an
576 2625 642 2662 tero
657 2604 793 2664 aliudne

54 2682 195 2757 sotiorum
209 2700 256 2743 aut
268 2684 430 2744 valetudinis
440 2685 669 2762 impedimentum
682 2686 717 2744 C
726 2686 794 2743 Flo

53 2787 117 2824 rum
136 2767 263 2838 tenuerit,
283 2787 319 2824 ne
333 2765 412 2823 citius
431 2766 460 2822 in
476 2766 595 2822 Siciliam
609 2764 796 2841 proficiscere

53 2861 118 2904 tur:
140 2847 169 2902 in
188 2867 241 2924 qua
254 2812 380 2904 Amilcar
397 2846 459 2922 posi
476 2845 630 2938 proximam
649 2834 796 2906 victoriam

53 2945 98 2983 res
120 2869 379 2999 Cardiaginienfium
402 2927 506 2997 magnis
531 2924 695 3002 profeslibus
715 2927 794 2984 resti·

55 3004 161 3069 turbat.
202 3009 315 3097 Qippe
335 3006 489 3149 Camoni?
496 3008 522 3065 δι
541 3006 619 3066 Enna
638 3006 798 3087 proditione
