1956 3736
169 174 357 236 Subrium.
379 175 415 235 L.
428 174 516 237 XIV.
539 167 698 238 Lavixu.
760 195 799 256 93

67 319 119 379 rat,
145 306 221 384 quod
242 304 364 365 conferre
386 306 510 366 homines
531 309 630 367 vellent
652 309 840 387 possentve,u
849 321 881 374 (ιζ

67 406 166 447 manus
188 386 222 444 ad
243 387 342 445 sacram
365 391 507 481 pecuniam
532 390 677 448 extendere
701 391 800 466 coepit,
809 390 883 500 pst?

68 468 186 546 pessimis
204 467 365 539 amicorum,
386 470 433 546 qui
452 469 610 547 plerumque
624 457 829 528 nocentissimiA

67 548 197 643 cujusque
217 548 319 605 confiiii
341 513 461 607 abstores
478 549 597 621 fuerant,
624 551 801 630 cupiditatem

66 629 126 704 ejus
140 628 377 686 inflammantibus

109 709 227 766 XXIV
249 709 333 766 Erant
351 725 441 766 autem
460 709 489 767 hi
504 711 640 780 Euagoras
655 709 801 769 Theodori

67 786 150 881 filius,
168 788 328 866 Balacerque
341 789 496 860 Nicandro,
511 796 536 846 δι
549 791 702 848 Dinarchus
717 791 801 848 Nicia

67 869 186 951 genitus.
221 868 247 925 Ii
263 888 320 925 non
333 869 448 927 suasores
462 867 547 926 modb
561 869 671 927 suerunt
685 871 800 946 Pyrrho,

67 936 211 1006 necessitati
229 950 321 1005 omnia
340 949 435 1006 cedere
453 948 640 1025 predicantes,
660 949 705 1006 sed
719 950 800 1007 mini-

66 1028 175 1086 sterium
188 1049 298 1105 quoque
312 1030 389 1087 suum
403 1029 539 1100 sacrilegio
553 1029 766 1106 praebuerunt:
759 1048 802 1085 m-

65 1109 140 1179 genti
154 1108 275 1186 pondere
290 1110 357 1181 auri,
378 1108 454 1186 quod
468 1108 568 1167 multos
580 1130 629 1186 per
642 1128 727 1166 annos
741 1108 802 1166 sub·

66 1191 195 1247 temaneis
217 1189 246 1246 in
266 1190 396 1265 specubus
415 1189 572 1248 asservatum
593 1189 690 1259 suerat,
711 1204 801 1248 eruto.

67 1267 161 1327 Laetus
178 1268 234 1342 ille,
255 1270 378 1344 religione
393 1268 574 1346 intempestivi
591 1270 663 1328 nihil
677 1273 800 1344 ineptius,

66 1348 173 1425 opesque
188 1361 301 1424 paratas
319 1368 368 1406 non
387 1353 502 1425 accipere
520 1351 642 1408 dementis
660 1350 708 1425 effe
722 1349 801 1407 ditri-

817 518 876 580 27⁶·
939 528 947 543 ⁸

64 1441 135 1501 tans,
156 1429 311 1506 impositam
329 1429 443 1487 navibus
461 1430 582 1507 praedum
597 1432 750 1489 Tarentum
769 1450 799 1486 a·
843 1494 849 1505 ¹

64 1509 129 1566 vehi
146 1509 240 1584 juffit:
261 1509 315 1586 ipse
335 1510 405 1568 terrai
422 1509 459 1566 est
480 1510 626 1586 profestos.
669 1510 799 1567 Ceteritm

63 1588 170 1647 facinus
184 1589 210 1646 ei
223 1589 300 1647 suum
314 1609 371 1647 non
388 1589 491 1664 turpius
508 1603 611 1665 coepto,
631 1586 714 1665 quim
728 1588 800 1646 infe-

62 1668 143 1727 licius
158 1682 256 1727 eventu
273 1669 335 1728 suit.
369 1667 462 1725 Subita
476 1669 617 1745 tempestas
629 1668 722 1725 adorta
736 1668 800 1725 clas·

63 1747 120 1808 sem
133 1751 223 1806 ventis
236 1748 283 1807 sub
301 1748 410 1806 nudem
424 1749 600 1820 mutantibus,
620 1750 669 1826 qui
685 1748 800 1806 ferentes

64 1828 195 1888 hedenus
211 1828 327 1900 fuerant,
347 1848 428 1886 naves
446 1829 475 1886 in
494 1829 610 1888 tenebris
625 1830 799 1897 circumadas

64 1910 165 1988 partim
179 1909 324 1982 confregit,
339 1911 438 1986 partim
451 1911 480 1967 in
493 1911 593 1969 fretum
607 1910 719 1987 expulit.
746 1906 800 1966 Sed

62 2009 127 2067 quae
140 1989 240 2048 sacram
252 1990 395 2067 pecuniam
407 1990 551 2063 vehebant,
564 1991 686 2069 quassatae
700 1991 799 2048 lacera·

63 2080 155 2148 tteque
172 2069 252 2127 undis
264 2070 474 2146 irrumpentibus
488 2090 553 2128 cum
566 2071 628 2147 ipsis
642 2069 798 2128 hominibus

64 2149 241 2207 interierunt:
263 2151 406 2227 pecuniam
419 2165 509 2207 autern
521 2150 631 2226 reliquis
645 2169 680 2206 cx
693 2149 799 2206 naufra-

63 2230 111 2300 gio
125 2229 223 2288 tabulis
237 2230 395 2301 haerentem,
417 2230 541 2305 postridie
561 2227 642 2306 quim
660 2242 799 2305 exportata

63 2308 162 2380 suerat,
183 2311 211 2366 in
226 2309 314 2367 vicina
328 2309 391 2366 sano
405 2310 482 2366 litora
496 2309 593 2366 fluetus
608 2309 766 2367 retulerunt.

105 2390 204 2448 XXV.
227 2390 271 2447 Re
288 2390 432 2461 intellecta,
454 2389 605 2447 thesaurum
625 2407 737 2447 omnem
755 2389 798 2446 di·

62 2467 179 2542 iigenter
202 2468 382 2546 conquisrtum
406 2469 498 2528 referri
522 2469 556 2526 ad
580 2471 700 2548 pristinas
724 2469 798 2528 sedes

60 2550 144 2625 juffit,
160 2569 253 2625 pacem
267 2550 397 2620 numinis,
411 2563 442 2607 ut
455 2551 575 2628 putabat,
590 2553 644 2608 hoc
657 2551 728 2610 festo
742 2553 797 2609 im·

62 2643 225 2708 peccaturus.
253 2631 354 2708 Neque
368 2644 459 2688 tamen
472 2630 535 2689 ideo
547 2631 704 2690 melioribus
718 2631 796 2688 dein-

63 2727 129 2786 ceps
149 2711 211 2767 satis
231 2709 290 2768 usus
308 2712 355 2780 est,
377 2730 472 2768 omnes
493 2713 550 2785 ejus
571 2724 694 2780 conatus,
715 2711 797 2768 etiam

60 2790 161 2866 quibus
173 2790 314 2847 confilium
329 2796 354 2848 δι
367 2791 452 2852 virtus
466 2809 522 2847 non
535 2788 667 2861 abfuisset,
683 2790 796 2847 eluden-

62 2880 92 2927 te
106 2869 224 2927 fortuni.
268 2871 359 2946 Quam
376 2870 422 2927 ille
436 2890 494 2927 rem
508 2875 535 2926 δι
548 2869 637 2946 postea
648 2870 796 2929 constanter

61 2947 97 3006 ad
108 2949 163 3008 laefi
175 2950 295 3008 numinis
308 2951 376 3009 iram
389 2949 530 3020 referebat,
550 2951 590 3007 uti
604 2949 741 3008 Proxenus
753 2953 795 3011 hi·

61 3028 150 3095 flutiae
168 3029 291 3111 scriptor,
311 3047 392 3114 atque
408 3031 462 3113 ipse
481 3032 511 3093 in
529 3033 730 3096 commentariis
744 3033 796 3094 suis
