1956 3736
172 189 217 253 94
330 171 359 249 J
393 169 754 230 Fartusnnurr

83 314 156 363 Μ
175 301 294 379 Pyrrhus
308 311 454 365 memorum
470 300 608 358 &recenti
621 298 711 357 adhuc
725 298 799 358 malo
801 317 896 378 ‚quum

94 379 153 440 476·
176 381 294 457 Proserp
286 400 338 438 mae
357 378 513 451 sacrificans,
534 381 625 440 multis
644 380 736 438 hostiis
758 380 833 440 litare
849 397 897 437 um

84 447 152 574 ‘³⁷⁶2
124 402 530 612 &triumuiri
529 458 950 619 intuitioni

172 621 290 693 greffuro
305 621 349 680 vel
367 621 463 680 leviter
480 621 671 694 consenserant,
692 620 728 679 de
745 622 840 679 medio
854 621 899 680 toi·

170 703 250 762 ieret.
293 704 386 780 Atque
406 703 436 760 hi
455 702 565 780 quidem
587 702 702 773 dignum
723 703 847 760 moribus
865 697 900 759 fa
944 688 950 743 i

171 782 273 860 diisque
287 783 338 842 suis
352 783 457 842 exitum
474 783 635 842 habuerunt.
677 782 798 857 Pyrrhus
817 795 904 840 autem

172 863 324 923 institutum
342 864 529 942 prosequutus,
550 861 642 941 quieto
663 860 820 940 deinceps
813 864 903 921 ttinere

173 943 328 1004 Tarentum
341 946 475 1022 pervenit.

215 1025 331 1085 XXVI.
354 1024 484 1095 Romani,
504 1043 590 1100 quum
604 1025 737 1099 majorem
750 1024 780 1081 in
794 1022 903 1082 modum

174 1122 283 1177 urgeret
301 1105 457 1183 pestilentia,
479 1103 628 1180 Pyrrhique
646 1104 676 1161 iu
690 1103 802 1162 Italiam
821 1103 903 1163 reditu

171 1188 240 1247 *beili
257 1187 340 1244 timor
353 1185 484 1256 crevisset,
505 1183 573 1241 nihil
590 1183 717 1242 adversius
730 1185 779 1243 ista
792 1185 838 1244 vel
856 1185 903 1242 hu·

169 1263 904 1420 ritritrifinititimae:

169 1440 232 1485 tore
246 1425 301 1483 fixo
314 1421 399 1483 sedari
417 1422 500 1499 posse,
543 1424 613 1485 Eam
626 1424 701 1500 spem
718 1438 780 1483 tum
799 1444 905 1503 quoque

171 1519 317 1576 tentatam,
346 1504 468 1581 clavique
493 1503 629 1580 pangendi
652 1503 728 1562 causi
748 1504 905 1565 dictatorem

171 1586 278 1645 dictum
298 1549 349 1644 eise
371 1585 403 1643 P
416 1584 576 1642 Cornelium
596 1583 740 1655 Rufinum,
766 1585 903 1663 haudqua-

171 1688 328 1745 quamp
269 1669 328 1743 imp
328 1664 455 1724 robabilis
467 1664 619 1739 conjectura
633 1664 686 1722 est.
703 1685 791 1742 quum
804 1671 834 1724 tc
844 1663 904 1733 maii

171 1747 332 1819 magnitudo
345 1745 380 1811 ad
395 1747 486 1803 omnia
498 1743 642 1821 quaerenda
654 1744 777 1813 remedia
788 1745 904 1817 stimula·

169 1845 201 1885 re
220 1840 326 1885 mentes
345 1824 448 1900 poiset3
468 1830 495 1881 δι
508 1823 639 1883 Rufinum
661 1843 734 1882 anno
752 1821 904 1904 sequentii

167 1905 321 1969 censoribus
336 1918 461 1969 notatum
480 1903 557 1962 fuiffe
575 1903 687 1977 constet,
708 1907 852 1983 postquam
864 1904 903 1965 his

168 1982 261 2042 consul
278 1988 304 2047 δι
319 1982 559 2052 dictator-fuissem
579 2003 667 2062 neque
686 1985 829 2054 didaturae
849 1987 903 2062 ejus

169 2065 214 2123 vel
232 2065 330 2122 certior
343 2064 499 2147 ‘inveniatur
517 2065 661 2139 memoria,
682 2065 728 2124 vel
741 2068 903 2128 convenien-

169 2147 223 2207 tior
237 2147 355 2217 locus?-

210 2218 343 2285 xxvn.
360 2225 397 2285 Et
408 2223 535 2284 adversius
548 2223 659 2284 morbos
672 2226 799 2303 quidem,
810 2240 842 2285 ut
855 2245 902 2306 po«

168 2306 230 2377 tuit,
246 2306 383 2383 provisum
397 2307 443 2365 est.
473 2307 624 2364 Armorum
638 2326 702 2363 cura
714 2309 850 2382 majorem
864 2309 901 2367 iu-

168 2386 295 2445 dustriam
306 2387 573 2462 contentionemque,
589 2386 726 2465 praecipud
739 2389 777 2453 ob
789 2387 902 2455 difficul-

168 2479 253 2524 tatem
265 2465 430 2538 dekstnnm,
448 2466 605 2542 postulabat.
639 2467 716 2525 Nam
730 2481 830 2545 praetcr
844 2469 900 2526 diu·

168 2544 325 2603 turnitatem
342 2545 417 2617 belli,
438 2547 520 2604 etiam
541 2546 624 2617 longo
642 2548 699 2623 jam
720 2563 846 2625 tempore
864 2550 901 2607 in·

77 2651 82 2661 ·
168 2625 233 2688 festa
246 2625 304 2683 lues
319 2625 432 2683 taedium
445 2646 537 2685 rerum
551 2627 675 2685 omnium
689 2627 849 2687 hominibus
863 2631 900 2687 in·

164 2708 283 2785 jecerat:
306 2707 433 2783 citatique
450 2708 571 2782 juniores
592 2708 718 2766 militiam
737 2710 807 2767 miri
826 2708 901 2768 obiti-

168 2790 276 2847 natione
291 2787 482 2851 detrediabant.
517 2789 571 2846 Sed
586 2789 765 2866 pervicaciam
777 2790 854 2849 istam
867 2791 900 2848 se·

64 2872 110 2926 tr.
122 2879 150 2925 c.
169 2870 266 2927 veritas
287 2876 313 2927 δι
336 2869 482 2927 constantia
503 2870 560 2928 Μ’.
578 2870 655 2927 Curii
678 2870 793 2928 Dentati
813 2871 900 2929 secun·

86 2953 146 3001 477·
170 2947 238 3005 ditm
250 2949 364 3008 consulis
377 2949 468 3021 fregit.
495 2951 525 3007 is
538 2951 622 3020 eninr,
638 2951 674 3009 L.
685 2951 817 3011 Cornelio
831 2952 900 3009 Len:

75 3006 147 3130 ⁶2⁸7?ss
170 3027 229 3091 ‘¹¹¹⁹
243 3030 358 3104 wiltzi»
377 3031 559 3104 magistratum
574 3033 633 3110 jam
646 3031 771 3109 inirent.
809 3033 901 3112 Quum
