1956 3736
180 179 370 271 Sorrrnu.
393 177 526 238 LXIX.
549 177 708 241 Lrv'rnu.
753 199 810 264 ²25

77 312 315 373 animadverterat.
344 309 398 368 His
410 307 509 368 deinde
522 311 643 387 protinus
658 314 755 389 apertis
769 334 811 372 ar·
821 328 853 376 U.
866 328 896 376 c.

78 409 171 453 mator
189 391 308 464 immisit,
330 391 377 467 qui
395 389 483 448 nudos
500 394 616 469 &operi
635 394 753 453 intentos
771 394 814 453 su·
830 405 890 449 50²·

79 473 141 535 bitti
155 473 274 547 aggressi,
295 471 396 529 multos
407 472 600 531 interemerunt
608 500 618 543 3
639 495 727 552 neque
745 495 813 554 pau·
824 461 852 503 Α·
866 459 896 504 ⁰·

78 557 181 626 dores,
202 553 268 611 dunr
289 572 371 630 opem
390 551 441 610 suis
459 552 537 611 laturi
556 555 591 611 ad
608 575 701 614 muros
720 576 813 613 accur·
832 533 891 582 ψ’

80 652 155 706 runt,
177 634 314 693 sarmentis
333 633 361 690 in
382 632 477 692 foffam
494 634 634 712 conjeiiis,
655 636 753 695 deinde
772 638 815 695 in·

79 716 178 786 censis,
197 728 410 773 concremarunt.

124 797 165 854 V.
186 795 323 854 Gliscebat
335 809 426 852 tamen
440 795 468 852 in
482 796 578 854 animis
592 797 752 857 obsefforum
765 816 815 877 pa·

79 890 224 952 voratque
238 876 424 934 consternatio.
447 875 499 953 qui
517 875 589 933 abuit
606 875 688 936 duces
703 879 816 955 quidam

80 956 322 1027 mercenariorum,
342 955 472 1034 stipendia
486 956 535 1014 fibi
547 975 603 1012 non
617 977 652 1015 ex
665 957 719 1016 fide
731 958 816 1016 soluta

80 1051 271 1119 praetexcntes,
292 1036 326 1094 de
342 1036 482 1113 prodenda
497 1037 629 1096 Romanis
644 1037 711 1097 urbe
729 1037 816 1096 consr-

81 1122 119 1180 lia
144 1120 280 1177 iniverunt
292 1142 301 1185 3
333 1115 640 1197 minime'dubitantes,
668 1119 734 1196 quin
756 1119 816 1178 suos

81 1201 194 1280 quisque
207 1200 306 1257 milites
318 1196 396 1257 facile
408 1198 545 1258 illeiiurus
557 1198 621 1258 effet
632 1199 666 1257 ad
678 1199 817 1277 probanda

82 1301 147 1360 quae
167 1294 318 1351 agerentur.
346 1280 436 1357 itaque
455 1283 534 1339 noire
553 1279 671 1357 quadam
692 1281 763 1340 clam
782 1299 817 1339 ex

81 1360 186 1438 oppido
203 1361 237 1418 ad
253 1360 333 1418 castra
345 1361 535 1420 Romanorum
549 1361 639 1438 elapsi,
659 1362 756 1420 statum
769 1381 816 1424 ur·

82 1443 127 1501 bis
147 1441 262 1514 obsessae,
284 1440 391 1518 &quid
407 1440 456 1516 ipsi
473 1456 606 1517 pararent,
627 1443 817 1518 exposuerunt.

84 1522 195 1595 Agebat
208 1536 268 1580 tum
281 1522 351 1578 inter
363 1523 540 1585 mercenarios
552 1522 601 1599 qui
614 1522 731 1598 Lilybaei
744 1537 819 1583 erant

83 1603 196 1664 Alexon
208 1602 331 1680 quidam,
351 1599 470 1658 Achaeus
482 1619 591 1672 genere,
611 1601 653 1658 vir
664 1621 751 1679 neque
764 1603 819 1660 mi·

78 1685 203 1744 litarium
221 1684 319 1739 artium
340 1680 424 1752 rudis,
445 1681 607 1739 &eximius
628 1680 691 1740 fide.
717 1681 740 1740 ir
760 1682 819 1741 ani·

83 1764 225 1824 madverso
246 1761 417 1838 proditorum
438 1761 558 1832 consilio,
579 1781 638 1818 rem
659 1761 693 1818 ad
714 1762 819 1827 Himil-

82 1865 184 1905 conem
203 1839 332 1900 continuo
348 1841 443 1900 defert.
475 1841 611 1913 Himilco,
632 1856 663 1901 ut
676 1843 704 1900 in
718 1863 819 1914 magno

84 1932 112 1983 δι
127 1924 231 1980 instanti
244 1935 318 1980 metu
332 1923 400 1980 nihil
412 1924 561 1994 curuans,
582 1922 665 1982 duces
677 1943 818 1985 mercena-

84 2004 202 2070 riorum,
223 2015 289 2076 quot
303 2023 397 2060 eorum
409 2002 498 2059 adhuc
514 2003 631 2078 Lilybaei
645 2019 729 2075 erant,
751 2025 818 2063 con-

85 2094 185 2142 vocat:
207 2079 274 2156 quid
293 2079 422 2157 aquibus
443 2094 558 2138 tentetur
580 2084 701 2156 exponit,
722 2085 820 2159 eosque

85 2162 204 2236 graviter
218 2159 331 2216 incusat:
356 2159 477 2216 hortatur
494 2159 643 2234 praesentcs,
664 2181 696 2218 ne
712 2166 819 2229 temeri·

85 2247 152 2303 tatis
166 2238 202 2299 ὅ
218 2240 339 2315 persidiae
352 2239 448 2297 aliene
461 2242 604 2316 participes
617 2240 664 2314 effi
677 2241 769 2300 velint.
792 2245 821 2299 in

79 2325 139 2402 fide
157 2321 383 2399 perseverantibus
404 2322 508 2394 integra
528 2321 599 2397 apud
618 2321 823 2395 Carthaginien·

79 2404 126 2481 ses
140 2407 234 2475 emnia,
248 2402 405 2478 stipendium
418 2413 526 2472 certum,
543 2405 660 2476 praetrrie
671 2419 766 2474 magna
772 2403 824 2476 fr.

87 2505 137 2544 re:
154 2485 308 2561 proditionis
321 2484 418 2558 infami
433 2485 541 2539 erimine
553 2482 586 2556 se
601 2481 821 2554 commaculantes,

88 2563 124 2624 δ’
139 2566 188 2622 diis
202 2562 237 2623 ἔθ’
250 2564 391 2621 hominibus
404 2562 517 2639 adverstr
530 2568 632 2620 aureos
645 2562 701 2637 effe.
733 2563 820 2630 Simul

85 2647 209 2725 ,pecunia
224 2659 354 2722 quantum
373 2662 471 2714 cogere
486 2642 560 2700 istam
575 2643 644 2702 inter
662 2643 821 2719 trepidatio-

87 2747 152 2784 nem
173 2740 306 2802 potuerat,
328 2724 443 2782 dividit:
465 2723 500 2780 de
521 2723 707 2793 gregariorum
725 2722 821 2797 stipen-

88 2805 152 2876 diis,
166 2820 198 2870 ut
213 2804 293 2882 quim
309 2801 466 2862 maturrime
478 2803 621 2874 solvantur,
637 2802 685 2862 fibi
694 2821 767 2862 curae
778 2802 823 2861 fu·

89 2899 181 2944 turum
193 2885 244 2943 effe
258 2885 380 2962 spondet.
794 2922 797 2929 -

133 2964 191 3024 VI.
212 2967 317 3037 Magna
334 2965 376 3023 vis
396 2965 524 3022 orationis
542 2964 579 3023 est
594 2964 759 3041 intempore
775 2962 824 3024 ad·

69 3110 72 3115 .
90 3044 196 3118 hibitae,
210 3045 359 3123 ‚presertim
375 3043 396 3107 st
414 3045 542 3119 gravitate
562 3065 673 3119 morum
685 3043 758 3129 fiere„
772 3046 843 3137 sti*-
