1956 3736
183 173 371 260 Surrurrfa.
395 170 707 262 thllssLrvrnn.
751 127 813 248 ⁴237

78 311 161 377 capta
175 298 260 356 millia
273 297 370 368 viginti
387 296 543 357 reserantur.
580 296 636 355 Sub
652 296 727 355 idem
744 309 855 368 tem-u,
866 323 895 368 ο,

81 400 135 456 pus
157 379 239 435 etiam
260 376 275 435 Ξ
297 379 433 435 Panormo
453 396 533 434 naves
553 377 692 436 frumento
712 377 817 435 onustat
833 397 892 445 503·
914 447 916 450 Ι

81 478 195 536 rapuere
211 459 299 528 Poeni,
322 458 534 535 Drepanumque
548 478 677 517 avexere:
699 457 816 521 &vicis-
826 451 894 528 Μὴ

79 535 132 597 iim
146 559 181 598 eu
199 558 265 609 agro
281 538 469 615 Drepanitano
480 540 647 597 ‘commeatus
661 537 818 613 Lilybaeum
833 526 893 576 ²⁴⁹⁵
919 569 930 591 ,-

81 620 269 696 importantes,
286 619 362 676 omni
374 638 473 690 genere
486 618 621 678 bonorum
635 617 748 676 obleffos
763 616 816 676 lar'-

81 698 118 770 gi
132 699 292 758 refecerunt.
315 699 416 776 Neque
430 697 477 757 hic
489 698 600 758 substitit
613 700 670 775 ejus
684 699 746 756 anni
760 698 817 757 sor-

80 794 158 852 tuna,
179 780 245 856 quin
260 779 312 837 alio
326 799 435 856 quoque
448 799 547 849 magno
560 777 740 845 incommodo
756 794 815 836 ma·-

82 860 166 920 &aret
186 860 338 930 Romanos,
366 879 418 916 nec
439 859 591 935 posseslione
611 855 697 917 modb
717 860 815 930 marie,

81 939 128 1000 sed
142 940 223 997 etiam
237 940 281 1016 spe
295 938 421 1016 potiundi
435 938 593 1014 depelleret.

127 1020 245 1078 XXIII.
273 1019 354 1078 Alter
373 1019 448 1076 enlm
469 1018 561 1075 consul
581 1018 617 1077 L.
633 1017 730 1094 Juniut
752 1035 817 1075 cum

82 1100 211 1158 onerariis
226 1099 329 1170 multis,
349 1099 448 1177 quibus
466 1117 601 1170 annonam
614 1095 650 1155 ad
667 1096 816 1155 exercitum

81 1179 209 1249 deferret,
230 1178 397 1255 rostratisque
414 1179 549 1250 sexaginta
570 1197 604 1236 ex
626 1177 705 1236 ltalia
723 1177 814 1254 prosess

82 1260 154 1327 diua,
168 1259 216 1316 ubi
228 1259 377 1317 Messanam
390 1260 504 1336 appulit,
518 1258 631 1330 obuiam
642 1255 753 1316 aliarum
764 1254 815 1317 ria·-

81 1339 161 1395 vium
180 1338 381 1397 multitudinem
402 1339 505 1415 hahuit,
526 1358 588 1418 quoe
607 1354 666 1398 tum
687 1337 720 1396 ab
738 1338 816 1397 exe‘r'ss

80 1418 150 1488 citu,
172 1431 231 1474 turn
243 1417 301 1477 aliis
318 1417 423 1476 Siciliae·
433 1420 559 1495 partibus·
571 1417 604 1476 ed
624 1433 816 1479 convenerant.

82 1497 140 1556 His
153 1496 301 1574 assumptis,
322 1503 347 1554 δι
364 1499 441 1556 claffe
459 1498 527 1556 faut
544 1499 655 1556 navium
674 1499 818 1569 longarum

81 1578 186 1637 CXX.
213 1579 395 1635 onerariarum
422 1598 506 1654 prope
530 1579 651 1637 Dece.
677 1577 818 1655 Syracusae

80 1658 252 1737 provehitur.
288 1654 354 1735 Qd
375 1659 515 1736 postquam
536 1658 621 1728 venit,
642 1657 817 1735 qnteslorihut

81 1754 188 1816 purtem
213 1738 325 1796 navium
349 1736 503 1814 Lilybaeum
514 1758 519 1773 ’
530 1736 683 1805 ducendam
700 1734 814 1796 ‘tradite

80 1818 136 1896 ipse
154 1819 263 1878 substitit
278 1819 428 1896 Syracufis,
444 1819 595 1897 exspeiians
607 1837 660 1877 veoa
677 1815 816 1896 quiMes·

80 1899 141 1958 sanai
159 1900 369 1975 proficiscentem
386 1901 512 1979 consequi
530 1920 587 1957 non
605 1914 757 1979 potuerant,
778 1896 814 1957 st·-

81 1976 143 2036 mul
160 1992 294 2037 tnnonam
313 2000 424 2052 cogens,
445 2001 527 2058 quarn
547 1998 582 2038 ex
599 1980 667 2038 locis
678 1979 815 2043 mediter·

80 2058 169 2116 rancis
182 2057 246 2114 socii
259 2058 446 2116 subvehebant.
468 2061 583 2116 Interim
599 2059 738 2116 Adherbal
751 2059 813 2116 mis-

80 2138 114 2198 sia
128 2138 321 2208 Carthaginem
338 2139 452 2195 navibus
470 2137 675 2212 hominibusque
689 2137 812 2214 captiuis,

80 2217 188 2278 fortuni
202 2217 340 2295 gloriaque
352 2217 386 2274 ad
398 2237 440 2275 rea
455 2215 584 2287 gerendas
595 2217 731 2287 incitante,
744 2217 812 2280 Car-

81 2299 195 2370 thaloni,
216 2300 264 2376 qui
278 2298 333 2355 suat
347 2297 512 2374 septuaginta
525 2315 606 2370 naves
621 2316 684 2353 eum
698 2296 814 2354 totidem

79 2379 167 2438 ferme
191 2379 320 2436 onerariis
341 2397 376 2436 ex
399 2377 494 2443 Africa'
515 2375 677 2448 idduxerat,
706 2376 816 2448 triginta

80 2460 143 2518 alias
161 2457 277 2530 addidit,
298 2457 422 2552 misitque
440 2458 581 2550 hominem
599 2456 635 2545 ad
652 2477 733 2532 naves
752 2459 812 2514 Ro-

80 2536 812 2696 inhibititlfilhhlhllulll}

81 2717 157 2758 mam
170 2696 260 2755 lucem
273 2717 373 2770 magno
386 2712 488 2758 terrore
500 2699 631 2770 invaditis,
652 2720 738 2777 quum
751 2699 811 2757 aliis

80 2778 192 2838 navium
211 2795 316 2849 manus,
336 2779 394 2836 eliis
408 2779 500 2850 ignem
512 2778 643 2855 injiceret,
664 2785 690 2836 δι
706 2779 735 2836 in
750 2777 811 2834 Ro-

80 2876 177 2916 manoa
190 2855 224 2914 ad
238 2855 420 2919 defensionem
432 2861 543 2918 nauium
557 2873 724 2920 accurrentes
739 2878 809 2934 prae·

78 2938 166 2998 setius
188 2937 262 2995 urbia
284 2937 409 2998 Himilco
432 2940 615 3000 mercenarios'
637 2938 810 3017 eruptionem

76 3019 167 3079 iacere
182 3017 298 3096 juffisset,
318 3038 417 3095 migne
431 3020 463 3081 in
480 3021 569 3081 cribris
586 3015 818 3097 trepidatio-‘fimf
