1956 3736
165 142 355 211 Surorum.
379 142 414 205 L.
427 143 515 207 XIV.
538 110 699 208 Lrvrsrt.
758 149 797 228 ὃς

60 268 132 347 narii
148 273 256 342 generis
275 271 421 347 magnifico
433 287 562 354 apparatu
579 295 629 354 per
643 273 796 354 complures
805 294 837 340 U.
849 295 881 347 cr

60 349 120 410 dies
134 351 233 414 edidit.
816 372 876 420 475·

60 476 63 481 .
102 433 160 491 x1.
187 435 255 493 Hoc
280 455 390 515 quoque
410 455 481 496 anno
502 439 603 496 Rornae
621 436 657 496 de
678 437 797 497 Lucanis
806 429 833 472 Α·
844 430 876 515 ⁰7

60 524 144 591 atque
156 515 266 574 Bruttiis
280 531 342 575 ante
356 517 431 579 diem
444 519 541 577 Nonas
550 519 685 594 Januarias
700 521 799 578 trium-
813 504 876 575 ,ιη’

61 592 179 669 plautum
193 595 244 654 esse
259 598 375 676 reperio.
408 598 462 657 Sed
478 600 513 658 C.
530 599 613 675 Junio
628 599 800 677 triumphum

60 671 145 745 illum
162 675 275 735 adscribi
295 677 391 750 miror,
412 699 499 757 quum
518 679 546 736 in
565 679 607 737 his
628 680 734 756 populis
756 701 801 739 reo

62 751 181 814 Rufinus
201 757 316 830 gesserit,
336 758 453 836 duasque
468 758 571 816 nobiles
586 759 708 817 civitates
721 779 799 823 rece·
872 792 919 814 a

60 833 152 912 perit:
174 854 258 914 quem
276 839 360 897 etiam
379 839 446 896 alios
467 839 540 915 apud
558 839 680 896 cultores
701 840 799 899 trium·

60 912 173 991 pbnlem
200 916 290 977 virum
316 919 452 978 nominari
476 919 573 979 vrdeo.
617 919 734 977 Ciuitate
763 921 801 978 ob

62 994 166 1075 Pyrrhi·
190 999 341 1074 progressus
365 999 574 1078 haudquaquam
601 998 706 1070 secura,
733 999 802 1058 novi

60 1094 174 1154 qnoque
195 1091 310 1137 terrores
329 1098 365 1138 ex
386 1079 518 1159 prodigiis
536 1085 562 1138 &
575 1079 737 1138 morborum
754 1079 802 1138 lue

60 1157 238 1219 accederunt.
272 1160 294 1217 F
296 1160 353 1219 oedi
367 1158 485 1218 maxime
500 1160 600 1218 ominis
613 1159 737 1218 habitum
751 1159 800 1233 est,

60 1234 141 1316 qubd
160 1238 238 1314 Jovis
258 1239 406 1318 Capitolini
423 1239 529 1312 signum
547 1240 662 1299 fulmine
686 1239 801 1314 tadum,

61 1331 200 1397 caputque
214 1320 335 1377 avulsum
348 1341 404 1377 non
419 1321 467 1377 nifi
484 1321 634 1400 aruspicum
649 1334 707 1379 arte
721 1313 801 1383 curl-

82 1416 117 1462 ue
137 1398 249 1475 reperiri
268 1399 368 1475 potuit.
410 1398 545 1458 Graviore
563 1420 619 1459 non
635 1402 695 1476 jam
711 1414 799 1473 metu,

121 1478 200 1538 clade
213 1477 309 1539 urbem
324 1478 414 1538 affecit
430 1479 587 1556 pestilentia,
607 1481 727 1558 pecudes
746 1482 800 1539 ho-

60 1557 204 1638 minesque
221 1560 364 1618 communi
381 1560 465 1630 strage
483 1561 642 1638 corripiens,
663 1561 802 1638 sedprat-

60 1638 145 1717 cipue
160 1640 331 1711 gravidarum
343 1639 481 1698 abortibus
495 1639 693 1707 formidabilis3
714 1659 802 1719 quum

61 1720 133 1781 nulli
152 1720 354 1799 propemodum
369 1721 427 1796 jam
442 1733 488 1778 aut
503 1735 595 1796 partus
612 1720 734 1792 humani,
756 1736 803 1780 aut

61 1800 148 1861 foetus
171 1795 328 1860 animalium
354 1800 498 1859 ederentur
521 1801 683 1872 incolumes,
709 1802 803 1878 iriquo
858 1837 860 1841 .
936 1822 940 1835 ¹

62 1880 182 1942 deorum
196 1901 279 1943 omne
291 1882 443 1942 viventium
461 1901 546 1956 genus
560 1882 731 1942 interiturum
750 1880 803 1942 esse

60 1962 230 2025 crederetur.
267 1981 271 1989 ·
462 2034 467 2042 .
536 2036 540 2045 Ι
658 1961 661 1968 ’

88 2100 92 2107 .
105 2045 180 2106 XII.
202 2046 243 2103 Ea
256 2045 297 2104 vis
316 2047 380 2105 mali
395 2041 514 2119 maximi
527 2044 658 2117 insignem
672 2043 841 2123 QFabiiU·
851 2050 882 2104 o:

63 2124 188 2185 Maximi
209 2127 336 2199 Gurgitis
360 2128 476 2185 alterum
502 2127 669 2184 consulatum
694 2125 783 2184 effecit
790 2169 800 2197 ,
818 2117 881 2201 4⁷⁶3

64 2206 96 2265 in
116 2227 174 2285 quo
193 2207 327 2279 collegam
351 2208 444 2266 habuit
465 2208 501 2267 C.
517 2206 676 2264 Genucium
698 2182 879 2292 clepit-³22⁴

65 2302 141 2345 nam.
183 2287 286 2364 Neque
305 2302 396 2346 tamen
415 2286 430 2345 i
452 2288 524 2345 bello
545 2286 692 2344 Samnitico
713 2287 802 2342 Luca·
835 2259 878 2306 ⁷⁸

64 2387 159 2444 noque
179 2368 306 2425 cessatum
327 2369 374 2426 ell.
395 2367 555 2445 magnasque
575 2366 665 2424 clades
683 2366 804 2423 hostibus

66 2446 154 2507 illatas
176 2447 233 2505 duo
251 2463 323 2507 certa
343 2449 401 2506 sunt
420 2462 586 2520 argumenta,
608 2442 684 2523 qutid
704 2445 805 2506 eodem

62 2548 141 2589 anno
153 2528 306 2606 QFabius
321 2528 411 2587 consul
425 2529 460 2586 de
475 2527 651 2599 Samnitibus,
673 2528 805 2598 Lucanis,
864 2584 870 2596 ,

61 2607 193 2683 Bruttiis,
218 2609 395 2686 triumphavit
417 2609 612 2685 Qirinalibus,
633 2607 762 2686 quddque
784 2607 805 2665 ii

67 2688 166 2767 populi
179 2688 308 2748 miserunt
321 2689 356 2749 ad
371 2689 505 2765 Pyrrhum
519 2689 619 2746 litteras
633 2693 658 2745 δι
673 2700 805 2757 oratores,

68 2774 155 2826 anam
176 2767 208 2826 de
219 2771 262 2843 se,
288 2769 338 2848 nist
347 2768 546 2844 subveniretur,
563 2787 651 2843 aeque
673 2773 728 2826 aim
750 2767 805 2824 Ro·

68 2868 172 2907 monam
186 2847 297 2907 ulterius
308 2850 436 2925 sustineri
450 2847 528 2922 poste,
548 2859 740 2923 extremamque
759 2866 805 2904 ne·

71 2929 211 3004 ceffltatcm
230 2929 356 2987 deditione
376 2925 588 3006 praeveniendam
609 2926 671 3000 effe,
697 2927 807 2986 testatu-

73 3029 128 3071 roa.
173 3009 214 3068 Ea
227 3029 280 3084 res,
301 3009 416 3091 &quod
430 3008 622 3068 senescentibus
638 3007 696 3086 jam
715 3007 805 3092 bousb

477 3088 509 3149 H
