1956 3736
195 140 234 200 40
348 126 374 202 J.
411 123 767 181 Farrusnrurr

105 272 138 317 υ,
151 273 179 317 c,
199 267 259 311 tum
279 251 368 310 Decio
386 250 505 326 Jubellio
523 249 683 309 deducente.
725 246 781 308 His
796 249 833 308 ab
850 249 928 308 initio

116 349 173 393 47¹·
199 332 309 410 quidem
328 349 415 406 neque
433 329 500 387 fides
514 332 542 387 in
556 328 725 387 defendenda
742 329 819 401 urbe,
840 348 930 406 neque

107 401 176 510 ᾖε·
199 409 336 480 diligentia
359 408 455 467 defuit.
499 409 619 480 Deinde,
644 410 707 485 quia
729 408 793 466 belli
816 409 928 485 propin·

154 475 175 510 ⁸¹
198 510 266 568 quus
279 503 368 547 metus
381 489 470 545 nullus
482 506 547 560 erat,
568 488 696 564 paulatim
710 490 768 546 otio
779 493 806 544 δι
819 489 929 546 Graecae

196 568 395 628 consuetudinis
407 569 556 627 imitatione
568 569 598 625 in
609 569 704 626 luxum
719 568 838 638 resoluti,
860 588 928 644 ptat-

196 650 352 724 sentemque
373 649 481 724 copiam
501 669 565 707 curn
586 647 652 704 dura
671 653 696 704 δι
714 647 844 706 laboriob
862 649 928 717 viu,

197 748 281 806 quam
304 728 421 804 eousque
442 741 560 799 egerant,
580 741 776 803 comparantes,
796 740 929 803 opportu-

197 809 312 870 nitatem
329 808 415 878 urbis,
436 813 462 865 δι
473 809 622 866 incolarum
641 807 807 877 felicitatem,
829 808 928 865 sermo-

198 887 407 965 resupinatis
429 893 454 944 δι
474 888 586 944 invidiae
604 886 701 962 pleno,
726 887 756 943 in
775 886 884 945 circulis
905 890 932 943 dc

199 969 319 1046 hospitiis
332 968 382 1026 suis
396 969 496 1036 agitare
510 980 659 1042 coeperunt.
928 1026 931 1031 .

241 1048 391 1108 XXVIII.
414 1047 605 1104 Deledabatur
619 1066 652 1103 eo
666 1046 737 1103 saslo
752 1045 869 1116 Decius,
883 1042 930 1122 qui

200 1133 227 1186 sn
244 1127 298 1204 ipsc
317 1127 373 1202 pari
392 1125 523 1183 vaecordia
543 1126 649 1197 dudur,
670 1125 827 1184 sceleratum
848 1143 928 1184 occu·

200 1208 297 1284 pendae
314 1206 389 1262 urbis
406 1204 547 1263 confilium
566 1205 671 1281 pridem
688 1206 780 1262 animo
796 1222 933 1280 concepe·'

200 1301 251 1345 rat.
294 1284 412 1342 Favebat
429 1284 532 1341 occasio
552 1285 684 1361 praesentis
698 1285 774 1355 belli,
795 1305 851 1361 quo
866 1284 933 1343 scie-‘

200 1368 246 1424 bat
267 1365 304 1422 ita
326 1363 445 1433 distringi
466 1364 618 1435 Romanos,
643 1380 674 1421 ut
695 1364 851 1434 Rhegiuam
874 1383 930 1422 rem

200 1445 318 1503 curaturi
337 1463 393 1500 non
415 1443 512 1500 essent:
534 1449 560 1500 δι
581 1444 609 1500 in
630 1443 739 1501 adverso
763 1444 844 1502 litore
867 1447 930 1503 Ma·

200 1526 345 1594 mertinos,
362 1524 519 1599 exemplum
532 1523 609 1580 simul
627 1523 713 1580 felicis
729 1523 845 1595 sceleris,
861 1529 888 1582 δι
899 1525 930 1581 st.

201 1607 275 1665 milis
289 1603 409 1681 perfidia
421 1603 492 1660 haud
510 1602 607 1661 dubios
619 1616 841 1679 propugnatores,
862 1622 937 1681 pra:

199 1700 275 1745 terea
288 1682 441 1742 communis
454 1683 545 1758 patriae
556 1683 744 1740 neceffitudine
753 1683 876 1757 junctos,
890 1685 931 1742 in-

200 1765 336 1822 tuebatur.
379 1762 507 1818 Nasus
530 1761 560 1818 hi
583 1782 618 1819 ex
642 1763 791 1838 Campania
812 1764 930 1834 oriundi,

199 1862 288 1918 quum
302 1839 479 1916 superioribus
497 1842 571 1897 annis
593 1842 662 1900 inter
676 1841 836 1912 Agathoclis
856 1845 931 1901 auxi·

201 1921 239 1978 lia
257 1919 418 1996 stipendium
436 1919 565 1990 fecissent,
586 1919 601 1978 a
617 1922 755 1979 Messeniis
772 1942 824 1998 pro
840 1924 931 1981 amicis

199 2000 318 2077 excepti,
337 1998 441 2056 civibus
455 1998 592 2057 trucidatis
608 2016 653 2058 aut
667 2002 758 2076 ejeffls
772 2002 872 2061 urbem
886 2024 931 2062 oc·

200 2092 380 2156 cupaverant,
406 2079 554 2156 domosque
576 2085 602 2137 tc
624 2082 750 2155 conjugia
774 2083 932 2142 miserorum

199 2160 271 2218 Inter
288 2161 313 2218 se
332 2160 422 2237 partiti
440 2160 555 2217 fuerant.
598 2160 690 2218 Etiam
708 2175 834 2220 veterum
850 2165 932 2227 Cam,-

200 2259 333 2317 panonrm
354 2240 456 2297 subibat
476 2240 619 2311 memoria,
640 2241 687 2316 qui
704 2241 829 2317 Capuam
849 2244 932 2320 poffe.

200 2319 311 2390 derunt,
332 2319 410 2376 sunili
423 2320 563 2377 latrocinio
577 2319 674 2378 Tuscis
687 2319 856 2396 ademptam.
909 2361 912 2375 .

244 2399 354 2456 XXIX.
378 2399 473 2475 Qum
492 2419 533 2454 res
552 2398 609 2456 satis
630 2399 757 2476 placeret,
778 2421 810 2458 ea
828 2404 931 2462 consul·

202 2477 269 2532 tatio
290 2477 431 2550 supererat,
453 2497 571 2553 quonam
593 2480 678 2536 modo
697 2481 801 2539 facinus
822 2482 932 2559 impune

237 2568 359 2624 nasetur,
380 2576 459 2625 neve,
475 2570 504 2612 ut
517 2557 545 2613 in
559 2559 625 2616 urbe
639 2560 775 2635 populosa,
794 2563 932 2637 pauciores

94 2648 98 2652 ’
202 2655 219 2691 a
239 2634 360 2710 pluribus
380 2636 557 2695 circumventi
576 2639 751 2698 caederentur.
795 2642 933 2714 Confingit

202 2714 324 2789 epistolas
343 2728 470 2792 tanquam
488 2713 650 2788 theginis
667 2719 702 2775 ad
717 2720 856 2795 Pyrrhum
874 2722 930 2780 scri-
958 2761 960 2768 =

201 2807 277 2926 ἔξω,
305 2809 336 2853 ut
359 2796 511 2872 praestdium
532 2798 688 2856 Romanum
713 2800 739 2856 ei
763 2801 930 2875 proderetur.

235 2889 346 2934 ocantur
359 2873 458 2934 secretd
476 2877 593 2935 milites:
615 2879 741 2956 epistolae,
763 2881 837 2956 quasi
851 2881 930 2939 intet-

201 2964 298 3027 ceptae,
319 2956 480 3016 recitantur:
507 2958 627 3035 queritur
646 2958 743 3020 acerba
765 2959 801 3022 de
821 2959 930 3041 perfidia
