1956 3736
122 168 314 228 Surrsru.
336 162 505 225 LXVIII.
528 161 690 226 Lrvrau.
720 181 777 246 rqt

41 285 138 348 bibitis
146 289 215 365 julla
229 288 346 348 instituta
360 289 397 348 est
416 290 529 350 obfidio,
558 291 606 349 Ad
619 312 701 371 quam
716 311 779 371 pro·
789 306 823 354 tt.
832 309 861 356 c.

40 367 192 428 bibendam
211 370 287 428 Poeni
305 369 389 429 duces
407 392 493 449 quum
511 373 635 431 celeriter
653 374 778 432 accurris-
799 384 858 432 497·

41 449 110 523 sent,
131 450 161 508 in
180 451 250 508 colle
269 451 390 529 quodam
407 452 495 511 castris
513 453 625 531 quidem
645 454 780 515 Romanis
790 440 817 481 Α·
828 441 856 484 ⁰·

42 531 781 687 m¹²rr’stitutumaustru-

111 657 119 671 ι
194 657 201 672 ι
339 658 348 685 ,
769 653 781 666 ·

44 693 154 770 piarum
172 692 310 752 hostilium
326 693 466 767 aestimato,
487 715 572 774 quum
591 695 644 753 illis
662 697 783 774 peditem
861 754 864 759 .

44 772 93 832 suo
108 774 267 851 neutiquam
285 775 509 852 comparandum,
530 775 575 834 sed
592 777 621 832 in
634 777 783 855 elephantis

46 857 73 911 a
95 854 232 932 equitibus
255 854 310 931 spei
331 856 481 933 plurimum
501 856 552 914 elle
572 855 686 928 videret,
707 875 783 916 cete-

45 934 109 992 nim
128 955 189 993 eam
206 935 307 993 uirium
325 949 429 1013 partem
446 937 476 993 in
493 950 589 1014 aperto
608 957 705 1014 campo
725 939 781 996 for·

47 1014 208 1073 midabilem
227 1015 356 1088 futuram,
377 1017 518 1094 iniquitate
535 1017 660 1076 locorum
675 1018 785 1078 excludi

47 1094 227 1173 inutilemque
242 1095 332 1168 reddi,
353 1097 460 1155 stultiut
473 1098 591 1156 bostium
606 1097 736 1175 sapienter
750 1119 783 1157 u-

37 1175 102 1250 lus,
123 1176 275 1257 priusquam
296 1197 416 1236 errorem
432 1179 509 1236 suum
526 1179 785 1238 animadverterent

47 1255 187 1327 corrigere
204 1257 318 1334 pollent,
339 1259 367 1315 in
386 1258 438 1317 suis
457 1259 545 1317 castris
563 1280 611 1318 eos
629 1280 786 1339 oppugnare

48 1335 149 1396 statuit.
190 1339 363 1416 Quapropter
380 1339 501 1398 hortatus
520 1342 631 1413 milites,
651 1347 786 1401 &cetera

48 1435 113 1496 quae
125 1416 282 1489 suggerebat
295 1420 363 1477 ratio
376 1420 518 1491 diligenter
532 1423 702 1499 exsequutus,
713 1443 786 1481 non·

50 1499 120 1570 duur
141 1499 215 1557 certi
237 1499 297 1559 luce
316 1500 406 1557 castris
426 1501 574 1572 egreditur,
598 1504 738 1579 aciemque
757 1505 792 1561 in·

48 1577 191 1638 aduersum
202 1579 315 1653 collem,
329 1581 377 1639 ubi
389 1581 647 1653 Carthaginiensium
658 1596 732 1640 erant
742 1600 789 1640 ca·

48 1661 110 1733 lita,
128 1661 218 1733 erigit.

91 1742 214 1801 XVIII.
236 1743 335 1801 Poenos
356 1742 409 1820 ipsa
429 1739 520 1822 primo
536 1741 725 1801 Romanorum
739 1762 790 1801 au·

49 1820 128 1881 dacia
141 1823 289 1895 territabat,
311 1821 386 1902 qudd
401 1843 515 1882 numero
534 1823 672 1901 pauciores
691 1843 725 1880 er
744 1825 790 1902 in-

50 1903 152 1963 feriore
163 1903 227 1962 loco
240 1919 325 1962 tantas
336 1906 431 1982 copias
441 1906 471 1963 in
484 1905 659 1964 munimentis
677 1903 728 1962 suis
741 1925 789 1977 ag·

50 1983 254 2058 gredlebantur.
275 1984 375 2043 deinde
391 1989 478 2063 major
497 1986 560 2044 inde
575 1985 707 2043 tumultus
726 1987 790 2058 fuit,
822 1997 829 2004 ”

52 2061 132 2136 quod
143 2066 248 2150 equites
259 2071 284 2124 lc
296 2066 442 2144 elephanti,
463 2066 536 2124 unde
550 2066 698 2142 plurimum
713 2067 791 2123 auxi-

52 2146 85 2205 lii
98 2145 278 2225 smvilsent,
289 2167 348 2205 non
360 2145 446 2205 modo
459 2146 560 2202 nullam
576 2143 730 2215 utilitatem,
744 2143 792 2202 sed

53 2228 127 2289 ultro
150 2227 381 2306 perturbationem
401 2233 428 2284 tc
447 2226 675 2304 impedimentum
693 2225 791 2282 affere·

53 2308 128 2368 bnt.
151 2308 239 2386 ipsunt
253 2329 364 2387 quoque
377 2322 485 2385 tempus
497 2307 612 2379 augebat
629 2305 789 2383 trepidatio·

54 2410 130 2463 nem,
152 2387 229 2466 quod
246 2391 415 2468 inopinantes
433 2395 458 2446 δι
474 2408 602 2460 magnam
620 2401 725 2465 putrem
742 2387 792 2447 ad,-

55 2473 111 2529 huc
132 2470 232 2551 sopitos
255 2472 396 2536 Romanus
414 2470 552 2529 invaserat.
596 2470 693 2547 Itaque
713 2466 793 2527 multi

56 2552 109 2610 fuis
123 2551 151 2608 in
168 2551 302 2610 oubilibus
316 2551 442 2615 trucidati
453 2551 528 2609 sunt:
551 2550 617 2608 alios
629 2549 733 2627 trepidi
747 2550 795 2607 fu-

57 2634 92 2704 gi
112 2634 243 2715 palantes,
264 2639 290 2690 δε
308 2630 368 2710 qud
387 2633 414 2690 se
432 2634 581 2711 reciperent
598 2630 711 2703 nescios,
731 2629 795 2690 iufi-

57 2714 111 2772 dioe
122 2714 273 2772 seeundum
285 2714 342 2772 uiue
352 2713 493 2770 collocata
507 2724 678 2791 exceperunt.
713 2711 795 2767 Mer·

56 2796 170 2855 mariis
185 2811 278 2856 tamen
292 2796 440 2852 Pentrorum
451 2793 581 2870 Hispanis
596 2790 736 2868 Gallisque
751 2808 794 2846 ra·

58 2877 130 2955 prim
146 2876 287 2947 instructis,
308 2882 334 2932 δε
347 2889 423 2933 extra
436 2873 538 2931 vallum
550 2871 671 2928 alacriter
688 2883 796 2928 certan-

58 2958 145 3024 tibus,
171 2957 199 3012 in
219 2957 329 3036 ancipiti
348 2954 513 3033 aliquamdiu
533 2951 645 3010 vitioria
664 2951 726 3023 luit,
752 2952 796 3011 fu·

60 3040 155 3113 giente
175 3038 234 3114 jan
252 3039 360 3112 legione
379 3035 476 3115 primi.
509 3033 632 3113 totusque
653 3033 799 3095 Romano·
