1956 3736
171 161 230 209 tao
324 146 752 228 illustrissimis

73 280 109 339 (1.
122 294 150 342 c.
169 277 217 351 set,
238 278 439 355 impendentem
457 277 662 355 prospiciebant)
685 277 809 335 oratione
822 276 901 336 llebili

85 354 146 418 4⁸7·
170 361 333 419 calamitates
347 359 419 416 urbis
430 359 482 416 snae
496 359 684 436 exposuerunt.
706 358 760 435 quai
773 360 844 416 moti
857 360 901 416 Pa·

77 426 147 534 2¹e
171 456 235 509 tres,
256 458 337 514 opem
354 439 456 496 miseris
470 439 505 496 ad
519 437 700 516 recuperanda
719 439 832 514 pristina
846 441 902 515 jura
945 440 947 447 ’

121 500 146 546 ”
169 518 355 598 promiserunt.
392 520 447 577 Sed
465 521 523 576 haec
538 539 623 597 quum
639 518 696 575 adia
709 516 814 577 secreti>
828 533 901 595 puta·

168 613 276 669 rentur,
303 599 334 658 iis
355 600 403 677 qui
425 601 530 658 fuerant
552 597 663 656 accusati
682 618 732 674 per
755 599 901 657 Samnitem

167 679 316 758 quemdam
335 681 452 738 indicata
471 682 540 738 sunt.
582 679 622 749 Is,
643 698 730 755 quum
749 678 779 736 in
801 678 900 737 aedibus

168 759 217 819 ubi
235 759 340 819 senatus
360 774 532 831 convenerat,
554 758 648 835 hospes
665 757 774 816 domini
790 773 900 832 aegrota·

167 855 220 913 ret,
242 862 290 919 per
304 842 471 901 oblivionem
484 861 518 899 eo
532 840 561 898 in
579 839 642 897 loco
662 839 770 897 relidlus
787 857 900 917 excepe-

168 939 210 981 rat
227 923 298 981 dina
316 922 535 1000 prodideratque.
577 918 746 995 Quaestiones
768 920 853 992 igitur
868 919 901 978 de

168 1002 264 1076 legatis
275 1005 366 1062 Romi
378 1002 487 1062 reversis
498 1001 595 1060 habitae
607 1000 683 1066 sunt;
704 1015 900 1078 compertoque

169 1086 293 1157 negotio,
314 1091 340 1142 δι
353 1084 411 1161 ipss,
432 1090 457 1142 δι
471 1082 607 1161 principes
621 1078 666 1137 alii
678 1079 796 1139 civitatis
809 1081 900 1140 crude·

169 1164 231 1224 liter
245 1165 387 1224 interfecti.
891 1214 893 1220 .

210 1247 297 1308 XVI.
322 1246 364 1303 Eo
380 1244 475 1320 justior
495 1242 629 1303 inferendi
648 1242 712 1301 belli
734 1243 813 1302 causa
833 1244 899 1304 visa:

170 1325 311 1402 minusque
325 1346 389 1383 cum
403 1325 522 1384 exercitu
537 1326 610 1403 Qu
612 1324 687 1381 abins
700 1324 794 1382 consul
807 1345 899 1384 occur·

169 1424 228 1465 rere
243 1405 316 1466 ausos
335 1406 364 1464 in
378 1405 471 1478 fugam
485 1406 576 1476 vertit,
597 1416 784 1482 magnumque
798 1405 901 1478 fugien-

168 1486 240 1545 tium
256 1507 402 1546 numerum
422 1485 540 1546 cecidit:
561 1498 665 1545 ceteros
682 1485 733 1561 qui
754 1486 826 1545 intra
844 1506 901 1546 mu-

168 1567 290 1628 nimenta
304 1568 329 1626 se
346 1580 513 1645 receperant,
534 1567 599 1626 aclis
618 1564 745 1643 operibus
765 1585 901 1644 oppugna·

168 1668 199 1706 re
213 1650 334 1708 inslituit.
377 1648 430 1708 Sed
448 1648 501 1706 illis
518 1667 573 1705 non
586 1647 700 1718 segniter
714 1645 902 1718 resistentibus,

168 1748 256 1806 quum
270 1730 350 1801 levia,
372 1744 403 1787 ut
422 1728 497 1800 solet,
517 1728 663 1787 certamina
682 1724 781 1785 erebrd
800 1728 901 1799 fierent,

168 1808 271 1880 consul,
292 1808 359 1868 dum
381 1809 513 1867 incautius
532 1807 602 1870 inter
623 1807 675 1866 tela
694 1805 825 1881 versatur,
843 1810 903 1869 vul·

168 1906 221 1944 nus
238 1889 353 1963 accepit,
374 1888 400 1944 δέ
418 1889 447 1946 in
465 1890 524 1964 ejus
541 1885 640 1946 deinde
658 1886 799 1949 curatione
817 1885 902 1951 deces-

168 1965 210 2026 srt.
250 1966 362 2038 Obselli,
382 1967 441 2026 casu
454 1987 489 2027 eo
504 1969 626 2042 cognito,
646 1969 821 2045 eruptionem
835 1971 902 2031 sum·

170 2048 224 2107 mis
238 2048 341 2107 viribus
358 2047 460 2121 secere,
481 2049 612 2126 sperantes
628 2049 780 2109 exercitum
797 2051 903 2113 interita

170 2129 249 2189 ducis
263 2128 411 2203 turbatum,
432 2128 553 2190 srsubitd
573 2129 756 2203 invaderetur,
776 2130 902 2192 imoeni·

171 2210 222 2281 bus
237 2211 389 2270 submoveri
403 2211 484 2289 posse.
505 2226 693 2270 verumtamen
706 2226 822 2273 eventus
836 2233 902 2292 prae·

170 2291 201 2350 lii
212 2289 305 2351 contri
316 2290 401 2351 dedit.
415 2292 523 2370 excepti
534 2291 662 2350 ferociter
672 2289 687 2349 i
698 2292 834 2352 militibus
846 2294 901 2353 Ro·

169 2373 268 2444 manis,
288 2376 315 2430 δι
327 2373 357 2429 in
371 2372 466 2431 urbem
485 2373 585 2431 iterum
599 2392 664 2432 cum
678 2371 756 2433 clade
775 2371 902 2451 compulsi

169 2453 239 2514 sunte
281 2452 358 2510 Huic
377 2472 429 2524 ego
447 2471 546 2531 pugnae
561 2452 681 2513 Decium
701 2453 816 2513 Murem
831 2472 900 2530 prae·

169 2532 246 2591 fuisse
265 2531 437 2591 crediderim.
458 2534 504 2592 hic
523 2533 597 2593 eninr
615 2534 719 2604 legatus
736 2534 791 2595 elle
808 2533 901 2604 Fabio,

170 2618 197 2673 ἃ
211 2613 270 2690 poll
281 2631 377 2670 necem
392 2616 461 2690 ejus,
476 2613 564 2672 donec
577 2613 706 2673 successor
715 2616 833 2690 veniret,
846 2614 901 2674 bel·

169 2695 229 2761 lum
249 2693 430 2753 administrare
450 2694 551 2772 potuit.
571 2708 652 2772 atque
672 2694 737 2755 inde
759 2697 812 2756 esse
832 2715 899 2766 seor,

169 2774 246 2855 qudd
266 2773 339 2853 apud
354 2775 560 2848 negligentiores
575 2775 727 2849 historicum
749 2777 900 2838 Vulsinien-

169 2857 203 2993 ξω
222 2857 285 2916 belli
303 2857 387 2936 coepti
406 2856 528 2936 finitique
540 2855 634 2917 titulus
649 2856 741 2918 Decio
758 2858 839 2918 Muri
855 2855 897 2916 ed·

180 2938 280 3013 criptus
295 2937 341 2998 est.

200 3017 313 3084 ¹XVII.
336 3018 465 3080 Censores
485 3039 518 3079 eo
537 3040 608 3100 anno
627 3021 710 3084 creati
725 3020 781 3086 Cn.
799 3019 895 3086 Corne·
