1956 3736
171 174 210 233 74
328 156 740 215 Eununanronar

77 287 104 333 t..
119 302 158 347 4¹·
169 289 246 360 gestae
265 289 322 347 iunt
341 287 507 348 iPostumio
525 294 550 346 ἃ
569 287 707 350 Graccho.
741 286 794 345 Sed
809 283 902 346 Gmc·

106 364 128 399 ¹·
169 370 213 426 chi
230 370 362 446 praecipua
375 370 432 427 laun
445 370 508 439 fnit,
528 370 576 446 qui
591 385 668 428 aetate
681 369 791 439 florens,
811 386 903 446 quum

167 449 265 508 virtute
280 450 402 507 animi&
420 447 562 526 pmdentii
581 450 694 527 aequaler
714 467 810 506 omnes
825 449 902 505 mul·

167 529 226 586 nim
243 529 365 600 anteiret,
386 534 416 587 δι’
424 528 527 600 ingenti
541 531 598 604 jam
613 544 672 586 tum
690 529 761 586 fami
778 528 901 586 celebra·

166 607 254 677 batur,
274 614 300 666 &
314 611 445 685 majorem
460 609 488 666 in
505 608 625 666 futurum
644 610 679 666 de
699 610 724 666 se
741 608 817 685 spem
830 627 901 666 con·

39 752 41 754 ,
166 688 274 749 citabat.
304 689 420 747 Cambin
434 688 530 746 urbem
544 688 641 746 sociam
655 690 845 746 Romanorum
857 689 902 746 vi·

164 768 234 840 ginti
255 767 339 827 millia
359 769 559 827 Celtiberorum
580 768 777 845 oppugnabant.
807 766 901 826 Grac·

163 847 233 906 chus
246 849 281 906 ad
295 868 375 926 opem
396 849 474 907 sociis
492 848 630 907 serendam
649 847 812 926 properavit.
847 847 901 906 ma

166 927 317 988 sollicitudo
344 929 474 1000 angebat,
501 948 620 1006 quonam
646 927 731 987 modo
756 927 903 987 conliliunr

164 1009 242 1068 suum
258 1009 369 1089 ‘obseffir
393 1009 560 1082 significaret,
589 1023 645 1067 tam
669 1007 904 1067 arettobsrdiono

165 1091 349 1169 prementibus
362 1090 458 1148 urbem
474 1089 605 1160 hostibus,
625 1102 656 1147 ut
670 1089 720 1146 rix
734 1086 769 1147 eri
783 1088 901 1146 nuncius

165 1188 319 1229 commeare
337 1169 410 1245 poiie
428 1169 573 1228 videretur.
607 1168 736 1227 Arduum
755 1168 901 1247 negotium

166 1250 304 1326 expedivit
320 1248 441 1306 Cominii
460 1247 579 1307 audacia.
614 1249 643 1305 Iu
660 1247 783 1324 equitum
800 1261 901 1309 turmoe

165 1329 316 1407 praeieiins,
330 1348 360 1386 re
372 1327 447 1406 priua
457 1327 530 1404 apud
543 1326 568 1384 se
580 1326 715 1405 perpensi,
730 1333 756 1385 &
767 1327 900 1388 Graccho

165 1409 232 1488 quid
249 1422 354 1486 pararet
371 1407 523 1479 admonito,
545 1408 693 1485 Hispanico
711 1407 822 1466 indutus
835 1409 903 1480 sago

164 1488 364 1568 pabulatoribus
383 1488 498 1546 bostium
519 1488 545 1546 se
564 1487 718 1547 immiscuit.
758 1489 833 1546 Cum
854 1489 902 1548 llio

164 1571 245 1630 castra
257 1568 395 1642 ingreffuc,
415 1569 479 1627 hinc
492 1569 569 1628 cursu
581 1568 618 1627 ad
631 1566 727 1626 urbem
742 1568 900 1643 contendin'

163 1652 327 1729 nuntiatque
345 1649 489 1709 adventare
507 1649 675 1708 Tiberium
699 1646 900 1726 oppidania!

163 1732 261 1792 ultima
278 1730 460 1808 desperatione
478 1729 514 1788 ad
533 1730 693 1789 alacritatem
712 1742 794 1806 atque
812 1728 899 1788 auda·

164 1813 235 1872 ciam
249 1812 304 1868 hoc
317 1811 418 1870 nuncio
431 1810 550 1879 excitati,
571 1808 718 1867 obfirmatis
736 1804 771 1866 ad
788 1809 900 1871 fortiter

163 1888 663 2040 innitimini&
678 1889 897 2048 unuin

163 2048 224 2129 lpse
238 2049 327 2127 postea
338 2048 485 2108 Gracchus
496 2047 590 2107 frande
603 2049 777 2108 barbaronuu
788 2051 897 2132 'apperi-¹

162 2143 218 2203 tus,‘
233 2130 387 2210 pericnlum
402 2128 506 2189 viribus
523 2144 578 2188 arte
596 2130 695 2207 adjutin
713 2131 755 2188 in·
769 2129 896 2204 discum

161 2225 194 2271 ut
212 2211 291 2270 dolus
309 2213 339 2270 in
361 2211 483 2270 anilorer
503 2223 626 2270 verteret.
666 2207 819 2287 eompleg'n
831 2224 898 2273 crat

161 2293 226 2354 urbs
244 2293 347 2373 aliquot
362 2290 424 2350 anti
441 2293 517 2350 annia
531 2291 650 2363 condita,
670 2290 715 2349 sed
728 2285 817 2349 valida
830 2299 896 2352 mul

161 2374 199 2432 ris
214 2372 379 2431 &celeribus
393 2374 567 2430 incrementis
580 2373 667 2443 aubia,
680 2373 710 2428 iu
722 2390 806 2447 quam
820 2372 896 2431 mula

161 2453 184 2512 ti
203 2452 387 2529 Hispanorum
406 2466 606 2522 concurrerant,
625 2452 674 2529 qui
691 2449 764 2528 priris
783 2467 896 2522 egenter

161 2548 226 2606 agro
245 2530 299 2587 huc
317 2529 380 2586 illuc
399 2531 489 2599 vagari
507 2531 682 2600 cogebantur.
713 2531 757 2588 Ex
775 2549 808 2588 ea
826 2532 896 2592 urbe

159 2608 325 2689 prodeuntes
344 2607 378 2665 ad
397 2609 494 2679 viginti
506 2609 655 2669 ‘hominurn
675 2610 771 2682 millia,
790 2611 895 2690 snppli-

159 2706 224 2751 cum
238 2689 341 2770 babitu,
354 2685 495 2771 ramosque
509 2689 577 2747 olea
583 2690 766 2766 porrigentes,
780 2691 811 2748 in-
819 2688 894 2751 con*

158 2773 248 2850 spet‘tu
262 2770 413 2837 castrorum,
424 2784 551 2846 tanquam
569 2770 783 2846 pacemoraturi
793 2771 894 2831 consti·

159 2867 258 2911 terunt.
296 2853 368 2911 Mox
382 2851 491 2926 abjectis
508 2851 676 2927 precantium
693 2849 894 2921 iniignibuacx

158 2927 304 3006 improviso
318 2926 429 3002 aggrcffi·
440 2930 591 3000 Romanor,
613 2946 713 3006 pavore
725 2948 758 2987 ac
769 2929 893 2991 iumnltu

155 3011 250 3070 omnia
261 3010 475 3088 compleverunt.
497 3009 640 3072 Graccum
653 3009 764 3089 sapienti
778 3011 891 3072 counio
