1956 3736
160 169 348 239 Suras-ru.
373 168 409 228 L.
422 169 544 240 XVIII.
568 168 726 262 Lrvurn.
750 186 813 248 ·197

75 300 221 380 festimque
236 303 354 361 Romani
369 302 488 362 clamore
501 301 605 362 sublato
621 322 696 360 arma
708 302 854 380 pulsan-11.
863 318 893 364 e.
930 297 933 308 '

66 399 116 449 ,tes
137 383 308 442 contulerunt
333 384 459 454 gradum.
502 384 549 442 Ab
572 383 708 462 equitibus
730 383 811 440 etiam
829 392 886 440 497·

67 465 214 557 ¹utrimque
226 465 256 522 in
270 464 394 525 cornibus
409 482 499 541 pugna
509 465 656 523 commissa
670 463 717 522 sed
730 448 889 557 longch·
842 447 889 493 '⁹⁰

67 544 123 602 hic
138 545 244 602 minore
259 545 449 603 Romanorum
462 565 588 616 numero,
602 565 689 622 quum
701 545 809 603 sustine·
829 523 859 569 25
877 539 887 563 ⁹

65 625 99 691 ri
118 626 161 682 vis
182 625 299 684 hostium
320 644 377 683 non
396 626 491 703 poffet,
512 623 568 684 citri
589 625 654 697 fuga
670 626 740 682 faria
761 627 809 684 est.

67 704 147 773 Ate
168 705 304 781 peditibus
322 707 369 784 qui
389 706 480 764 smistri
498 706 735 777 adstiterant,s1ve
753 705 810 764 ele·

64 787 240 864 ,phantorum
266 787 405 845 occursum
429 788 554 858 vitaturi,
582 787 637 845 five
660 787 811 845 faciliorem

66 868 208 945 ⁸sperantes
232 867 267 926 de
287 868 457 927 mercenariis
477 868 635 938 videtiam,
663 867 789 924 horum'
780 887 811 924 m

64 949 162 1017 ,aciem
188 949 307 1019 irruunt,
333 949 472 1025 versosque
491 948 521 1004 in
541 948 634 1019 fugam
654 947 689 1004 ad
709 947 810 1005 vallum

72 1027 158 1106 ulque
178 1029 324 1087 castrorum
344 1029 481 1087 hostilium
501 1029 703 1106 persequuntur.
740 1027 811 1084 Non

68 1108 153 1185 ‚arqui
173 1109 250 1167 facile
270 1109 380 1185 reliquis
399 1107 525 1167 adversita
548 1109 703 1187 elephantos
723 1122 810 1167 certa·

73 1208 142 1247 men
160 1189 227 1246 fuit:
249 1210 367 1266 quorum
384 1190 544 1248 intolerabili
562 1190 635 1248 mole
649 1188 809 1266 diffipaban-

75 1283 121 1325 tur
141 1269 257 1340 ordines,
279 1270 482 1346 proterebantur
500 1272 605 1343 armati,
626 1273 733 1343 agmina
752 1283 809 1328 tota

70 1363 204 1425 ,ranquam
217 1352 293 1408 ruini
307 1352 497 1411 sternebantur.

89 1466 94 1473 -
118 1431 251 1491 XXVII.
266 1432 414 1490 Sustinebat
425 1446 514 1490 tamen
524 1432 710 1491 incumbentes
717 1432 771 1508 ipsa
781 1451 810 1490 a·

70 1509 125 1569 cici
138 1510 261 1581 densitas,
269 1512 378 1588 aliisque
388 1512 433 1568 alii
443 1512 572 1570 substituti
583 1513 704 1570 ordines:
719 1513 807 1571 donec

70 1591 151 1649 firnul
165 1592 232 1649 locis
247 1593 374 1649 omnibus
389 1592 501 1650 laborari
520 1608 651 1668 coeptum,
672 1592 740 1649 dum
759 1612 806 1649 ex·

67 1674 154 1730 -tremi
171 1673 272 1766 quique
286 1675 320 1729 ab
340 1672 475 1749 equitibus
495 1672 682 1742 circumventi,
704 1673 807 1748 priores

68 1768 209 1830 quotquot
227 1755 283 1827 jam
299 1755 503 1829 elephantorum
517 1754 603 1810 aciem
621 1767 805 1829 perruperant,

70 1834 125 1901 ab
118 1849 221 1903 integra
233 1839 258 1890 δι
274 1835 396 1890 instruiia
410 1835 539 1910 phalange
552 1835 679 1904 hostium,
690 1840 717 1893 dr
728 1834 807 1892 assul

68 1914 189 1973 rantibus
210 1914 345 1990 utrimque
359 1914 484 1973 velitibus
501 1917 617 2008 excepti,
639 1916 730 1992 paffim
750 1930 805 1973 tru-

69 1994 205 2052 cidantur.
241 1995 342 2074 Neque
356 1995 445 2053 miuus
460 1996 563 2053 caedis
557 2017 585 2052 m
599 1997 651 2072 ipsa
666 1997 729 2067 fuga
743 1996 804 2056 fuit.

69 2094 121 2152 per
136 2093 225 2152 aperta
239 2075 336 2133 loca&
351 2076 428 2153 plana
443 2076 538 2132 effusos
553 2077 686 2151 elephanti
702 2078 732 2133 N
735 2095 806 2132 umr-

69 2154 169 2234 daque
186 2157 289 2232 equites
311 2156 417 2213 immilii
436 2157 591 2213 straverunt.
625 2158 669 2212 M.
684 2157 807 2226 Regulus

70 2256 137 2295 curn
159 2237 290 2294 militibus
312 2236 369 2293 fere
390 2236 543 2313 quingentis
563 2237 641 2292 vivus
662 2237 691 2294 in
711 2256 807 2294 manus

70 2317 189 2375 hostium
216 2317 300 2375 venit.
327 2337 361 2374 ex
386 2331 445 2374 toto
470 2316 589 2373 exercitu
613 2336 669 2373 non
692 2315 807 2394 amplius

71 2397 130 2456 duo
145 2398 229 2454 millia
247 2398 402 2468 hominum,
422 2397 470 2474 qni
484 2399 661 2455 mercenarios
676 2397 738 2457 loco
758 2418 807 2474 pe-

71 2479 207 2556 pulerant,
220 2479 340 2535 festinato
351 2479 424 2536 abitu
432 2477 565 2554 Clupeam
574 2478 724 2536 incolumes
737 2499 807 2557 prae·
884 2553 885 2556 Ἴ

72 2574 114 2617 ter
133 2559 207 2651 spem
225 2559 372 2617 evalerunt.
408 2559 597 2617 Romanorum
618 2560 807 2638 sociorumque

70 2635 194 2701 millia
170 2639 276 2698 circiter
291 2638 398 2709 triginta
412 2640 470 2696 sunt
485 2641 630 2697 interserta.
660 2641 706 2698 De
722 2643 805 2698 Puni-

70 2740 105 2778 co
120 2721 239 2779 exercitu
258 2722 414 2778 ceciderunt
428 2739 483 2776 non
498 2720 588 2810 multi,
608 2736 705 2796 praeter
720 2721 806 2775 obtin·

69 2816 167 2872 gentos
180 2820 214 2857 ex
225 2801 453 2858 mercenariorum
466 2800 584 2870 agmine,
593 2798 669 2876 quod
679 2797 807 2860 adversita

71 2880 202 2938 smillrnrn
218 2880 298 2937 hostis
313 2900 398 2939 cornu
411 2879 595 2936 dimicaverat.

114 2959 264 3019 XXVIII.
287 2962 378 3018 Tanti
397 2980 426 3016 re
445 2959 574 3035 perfecti,
598 2978 683 3037 quum
703 2962 807 3021 exerci-

70 3055 116 3101 tus
138 3039 225 3118 spoliis
243 3042 372 3113 caesorum
390 3045 416 3102 δι
436 3039 598 3182 imperatore
617 3041 810 3111 Rornanorum

531 3139 546 3200 3
577 3140 579 3144 ,
