1956 3736
74 267 106 312 11.
118 271 145 316 C.

75 347 144 446 tt:

83 473 140 523 ‚²55·

168 170 226 211 202
321 151 349 228 J.
387 150 806 210 Fartusnnutt'

166 279 241 338 trimi:
255 301 321 356 opus
332 295 386 338 erat
398 278 506 349 relislis,
519 298 584 336 eum
597 291 689 336 cetero
704 275 822 348 exercitu
834 294 889 352 pro-

167 362 238 417 tinus
255 362 375 417 Asticam
395 358 488 417 versits
509 359 718 417 contenderunt.
756 357 810 415 Sed
830 371 890 414 tem·

165 442 261 516 pestate
277 441 418 498 Cossuram
435 440 528 511 delati,
553 441 636 513 (inter
652 440 777 497 Africam
795 443 820 494 δι
833 435 891 494 Sici·

165 519 239 590 liam,
261 522 314 596 qui
332 521 488 597 Lilybaettm
510 520 730 598 promontorium
751 520 798 589 est,
820 517 892 597 polita

166 601 203 656 est
217 599 309 674 insula)
332 603 436 660 vastatis
451 602 530 673 agris,
553 607 578 657 8ι
589 602 656 658 urbe
671 599 794 675 ejusdem
812 598 892 656 nomi·

164 680 206 738 nis
219 683 307 759 eapti,
329 682 481 760 praesidium
495 681 689 758 imposuerunt.
922 688 924 691 '

206 763 332 822 XXXV.
356 763 425 821 Inde
445 763 479 820 ad
500 763 661 819 Hetmaeum
681 761 893 838 promontorium

157 859 349 917 perrexerunt,
371 843 447 921 quod
464 843 556 900 medio
576 843 646 900 inter
665 843 893 913 Carthaginem&

166 923 301 1000 Clupeam
315 925 374 994 situ,
387 926 501 982 alterum
512 922 738 993 Carthaginiensis
754 923 827 980 sinus
841 941 894 981 cor·

165 1023 203 1060 nu
218 1005 328 1064 claudit.
365 1006 407 1063 Eo
422 1006 484 1062 loco
499 1024 583 1081 quum
597 1004 747 1060 Poenorum
760 1023 842 1061 naves
855 1021 893 1062 oc·

154 1085 312 1156 munissent,
321 1087 429 1163 acrique
439 1085 583 1142 certamine
595 1083 659 1140 duas
672 1085 743 1141 inter
757 1085 848 1142 classes
860 1083 893 1140 di·

165 1164 318 1237 micaretur,
334 1168 435 1223 auxilio
448 1185 545 1223 venere
559 1165 609 1222 suis
624 1162 639 1220 it
651 1165 758 1240 Clupea
770 1161 893 1231 Romani,

164 1261 390 1321 momentumque
404 1247 468 1315 hoe,
491 1245 597 1321 paribus
616 1244 734 1321 eousque
754 1246 844 1318 rebus,
865 1243 893 1301 ad

154 1325 305 1382 'visionem
319 1325 380 1383 suit.
423 1327 500 1383 Poeni
515 1346 596 1382 naves
610 1340 726 1402 quatuor
745 1326 822 1402 supra
835 1345 892 1382 een·

154 1417 223 1460 ¹tum
238 1404 392 1476 submersas,
416 1407 524 1477 triginta
539 1422 627 1482 captas
644 1405 678 1462 ab
692 1405 824 1479 hostibus,
844 1405 892 1464 ml·

155 1483 243 1542 litum
257 1485 291 1542 ad
305 1487 389 1544 millia
400 1487 557 1562 quindecim
569 1486 722 1544 amiserunt.
746 1507 781 1544 ex
795 1489 892 1544 Roma·

151 1566 204 1622 aus
224 1567 298 1625 mille
314 1583 424 1625 centum
445 1568 549 1643 periere
569 1567 679 1636 milites,
701 1586 768 1624 cum
787 1568 891 1625 navibus

150 1665 274 1707 novem.
308 1649 387 1705 Tum
403 1649 535 1724 Clupeam
557 1647 676 1724 profetia
695 1647 790 1718 elassis,
812 1669 890 1726 expo·

149 1725 274 1805 tlitusque
288 1728 366 1786 miles
383 1731 460 1804 juxta
478 1727 560 1804 ipsam
577 1728 716 1786 civitatem
735 1731 818 1787 eastra
835 1750 890 1788 mu·

148 1807 239 1865 ¹nivit.
268 1823 399 1865 venerunt
421 1807 520 1865 eodem
543 1809 775 1878 Carthaginienses
799 1812 889 1887 eopia,

149 1903 226 1962 quat
241 1887 392 1943 Hannones
405 1886 461 1944 duo
475 1888 619 1948 ducebant.
642 1891 678 1946 ita
693 1890 812 1965 pedeslri
827 1910 888 1968 quo·

151 1983 212 2040 que
232 1966 325 2042 praelio
348 1987 389 2024 res
412 1968 492 2038 gella,
514 1968 650 2027 deteriore
670 1969 821 2029 Poenorum
840 1973 909 2029 sor·'

149 2046 232 2117 tuni,
251 2047 298 2123 qui
311 2045 357 2103 hic
370 2068 479 2126 quoque
492 2049 599 2107 circiter
613 2049 697 2107 millia
711 2051 833 2110 militum
844 2071 887 2109 no·

158 2144 222 2182 vem
241 2127 426 2203 perdiderunt.
469 2130 549 2205 Capti
569 2131 626 2187 sunt
644 2131 713 2187 inter
727 2132 779 2189 hos
794 2134 888 2210 aliquot

157 2206 210 2264 viri
227 2208 342 2279 nobiles,
363 2209 511 2286 servarique
526 2209 540 2266 t
554 2211 716 2283 consulibus,
738 2229 770 2270 ut
784 2235 831 2290 per
845 2215 887 2269 hos

157 2287 203 2346 M.
214 2288 347 2360 Regulus,
369 2291 455 2366 &qui
470 2310 534 2348 cunt
549 2311 582 2348 eo
596 2290 713 2349 similem
727 2294 819 2353 casum
832 2295 885 2352 sub·

156 2369 250 2438 ierant,
272 2371 478 2430 redimerentur.

142 2484 146 2490 -
196 2451 340 2508 XXXVI.
364 2451 553 2509 Deliberatum
567 2452 631 2509 inde
648 2452 684 2510 est
700 2452 735 2510 de
757 2455 882 2531 praesenti·

141 2528 224 2588 ¹bus:
240 2549 390 2608 magnaque
402 2531 460 2608 spes
474 2532 561 2590 suerat
569 2532 693 2591 Africam
706 2537 816 2594 retineri
831 2534 884 2613 pos

153 2610 188 2669 se.
209 2626 398 2669 verumtamen
420 2612 529 2683 regione
550 2614 764 2691 quaquaversum
784 2615 883 2685 vastati,

149 2711 240 2769 quum
262 2691 348 2750 sames
371 2694 527 2764 timeretur,
556 2693 653 2750 abduci
675 2695 819 2756 Romanos
842 2696 884 2774 qui

47 2756 50 2767 ¹
69 2767 71 2771 ’
144 2773 287 2851 Clupeam
307 2773 385 2831 tutati
402 2773 517 2843 sueram,
540 2773 713 2851 Siciliamque
727 2780 816 2854 repeti
832 2777 883 2869 Pl*

138 2855 218 2916 ,cuit
255 2855 359 2912 Atetta
379 2854 417 2912 est
436 2851 489 2912 uni
508 2855 603 2925 ingens
623 2855 729 2931 praeda,
756 2878 839 2935 quam
860 2877 882 2915 tn

153 2933 248 2989 urbem
262 2935 407 3010 *Clupeam
430 2935 474 2994 M.
487 2935 588 3006 Reguli
610 2936 690 2993 rebus
712 2937 802 2997 adhuc
824 2959 881 3015 pro·

138 3009 233 3085 -speris
249 3028 447 3090 comportatatn
462 3016 581 3078 vittortae
595 3031 715 3077 recentes
729 3020 880 3082 cumulate·

148 3102 216 3148 rant.
422 3102 426 3109 '
491 3123 493 3128 ·
