1956 3736
202 152 243 230 86
357 124 782 246 praeminum:

107 313 142 361 υ,
154 315 181 360 c,
202 311 270 352 num
283 289 385 362 studiis,
405 299 454 348 aut
470 288 507 346 ob
521 287 630 363 injurias
645 285 774 365 quasdem
788 287 818 345 in
831 285 931 346 eontrass

118 378 176 441 476·
203 376 276 433 rium
289 370 379 442 vertis,
400 371 430 427 in
444 369 534 427 Sicilia
548 389 590 428 res
602 369 628 427 ei
642 368 766 427 duriores
780 368 833 427 eise
847 386 932 446 coepe·

108 446 177 493 Μ·
202 469 271 526 rant,
298 452 434 530 permovit
453 451 600 528 Pyrrhum,
621 465 652 509 ut
675 449 759 508 insuld
777 450 871 509 reliffl
889 469 932 508 co·

120 510 178 568 ²⁷⁶·
199 536 259 672 pias
283 534 312 591 in
334 531 442 590 Italiam
463 544 620 609 reportaret
662 530 749 608 Qud
770 534 830 608 ejus
852 528 932 590 coufi-

211 616 281 686 ium,
296 619 321 671 δι
335 632 427 671 rerum
440 612 504 671 inde
518 613 690 690 sequutarum
704 612 794 682 series,
810 630 867 689 quo
879 610 931 689 ple·

197 695 260 752 niis
274 694 437 766 nosceretur,
488 693 534 751 ulo
546 692 674 771 plura-de
686 692 768 752 rebus
781 692 891 751 interim
904 689 935 750 ab

197 790 233 834 eo
250 776 330 847 gestis
343 713 487 834 referentia³
497 775 598 852 putavi.

239 857 332 918 ΧΙΙΙ.
354 856 415 914 Post
435 870 595 933 occupatam
612 854 696 927 igitur
713 854 848 932 Erycem,
867 871 933 931 prae·

198 936 352 1016 sidiumque
373 936 437 994 loco
457 935 624 1014 impositum,
645 933 680 992 ad
701 936 871 1009 AEginorum
891 952 933 991 ue·

198 1018 264 1077 bem
281 1018 418 1097 profedius
432 1017 479 1089 est,
500 1014 650 1076 commodo
665 1015 700 1074 ad
715 1016 933 1075 Parronnitanum

197 1115 311 1179 portum
337 1098 406 1169 situ,
434 1102 461 1155 δε
485 1096 682 1156 munitionibus
707 1097 852 1169 insignem.
893 1091 934 1151 Ibi

198 1181 293 1259 sponte
312 1179 512 1255 oppidanorum
532 1193 656 1255 receptus
674 1177 710 1236 ad
731 1178 817 1256 ipsam
837 1176 933 1235 Panor-

196 1279 277 1318 mum
300 1261 381 1317 castra
401 1259 505 1329 movit,
533 1260 579 1317 eui
598 1258 633 1317 ab
653 1271 816 1331 argumento
842 1252 934 1335 porti!

196 1337 934 1499 'diffluffi‘iffiiiii‘nqiiffiiii

196 1499 292 1559 iocum
313 1501 361 1579 qui
379 1499 517 1578 Epieirdie
535 1513 658 1572 vocatur,
679 1500 750 1558 inter
770 1499 934 1559 Panormum

197 1587 224 1640 δι
239 1581 359 1660 Erycem
372 1582 402 1642 in
415 1594 510 1640 monte
524 1598 643 1651 amoeno,
664 1579 710 1660 sed
723 1579 817 1640 arduis
830 1579 933 1641 accedi·

196 1662 269 1735 bus,
296 1662 376 1722 fitum
405 1662 535 1741 cepiiiet3
566 1660 686 1719 minerii
712 1663 771 1738 jam
796 1656 934 1741 provincii

198 1743 460 1814 Carthaginienssum
479 1741 644 1820 potiebatur,
666 1756 783 1820 excepto
798 1743 933 1822 Lilybeo

197 1822 283 1882 Hanc
302 1837 392 1881 autem
407 1822 504 1881 urbem
518 1823 627 1881 nonita
646 1821 753 1900 pridem
769 1824 850 1884 Poeni
868 1843 932 1886 con·

194 1898 332 1973 diderant,
354 1917 386 1959 ut
405 1901 597 1978 Motyenfibus
616 1923 649 1962 ea
667 1903 742 1964 sedet
760 1905 845 1978 foret,
865 1926 931 1985 quo·

193 1999 260 2046 rum
285 1982 418 2060 oppidum
440 1982 589 2060 Dionysius
614 1998 743 2063 tyrannus
769 1987 845 2047 bello
866 1989 930 2046 ear·

115 2082 119 2089 ·
193 2063 355 2137 thaginiensi
380 2062 513 2125 diruerat.
560 2066 658 2144 Quum
683 2067 768 2138 igitur
796 2088 832 2127 ex
859 2067 929 2128 omni

116 2208 120 2217 ,
193 2145 273 2225 quod
289 2146 319 2205 in
338 2145 429 2204 Sicilia
447 2145 594 2204 habuerant
611 2147 728 2225 imperio
746 2148 806 2226 spea
826 2150 883 2210 suaa
900 2168 929 2208 o·

194 2241 262 2286 num
282 2227 362 2285 istum
381 2228 409 2284 in
429 2227 521 2284 locum
539 2226 675 2284 conclusas
693 2227 820 2290 viderent
835 2231 926 2299 Poenia

194 2323 334 2386 apparatus
354 2307 389 2365 ad
403 2308 569 2365 obsidionem
585 2305 599 2363 Ξ
614 2307 720 2384 Pyrrho
738 2309 798 2369 fieri
816 2311 926 2371 sentien-
953 2358 957 2367 ,

193 2403 245 2460 tes,
267 2389 414 2464 majoribus
433 2408 494 2448 eam
511 2387 616 2448 viribus
634 2387 782 2449 defendere
802 2391 925 2453 deereve-

187 2480 264 2528 runt.

144 2546 148 2551 ’
233 2548 321 2608 XIV.
344 2547 505 2607 Introdudio
528 2550 611 2621 igitur
630 2569 687 2609 non
707 2551 862 2631 spernendo
883 2573 924 2614 ro·

186 2629 257 2689 bore
275 2628 419 2731 militum,
447 2646 656 2708 commeatuque
679 2635 808 2713 copioso,
835 2636 923 2695 adhaec

185 2711 921 2875 igitirfflssti‘fflsqiissmpuittss

189 2874 328 2947 haberent)
352 2873 386 2932 ad
404 2873 535 2951 oppidum
556 2873 676 2950 undique
694 2879 918 2950 permuniendum

188 2955 286 3026 magni
298 2954 361 3013 curi
375 2954 400 3012 se
415 2955 596 3014 contulerunt.
630 2954 780 3032 Praecipue,
801 2961 855 3038 quai
868 2974 916 3019 ter·

88 3051 91 3057 ¹
188 3029 218 3093 a
237 3034 346 3116 patebat
363 3033 463 3109 aditus,
483 3035 585 3098 crebra
605 3049 691 3100 turres
706 3039 834 3105 excitata
851 3041 913 3111 um.
