1956 3736
86 84 90 88 ι
156 132 348 204 Sureuart.
371 128 406 191 L.
421 128 542 192 XVIII.
564 130 724 196 Lturau.
754 153 809 214 ¹93

74 287 191 330 annonae
203 266 262 329 vim
276 265 348 326 tanti
360 264 514 330 mortalium
530 264 714 338 multitudine,
729 272 754 324 de
767 288 851 341 reu,
861 293 892 340 c,

73 352 182 429 liquam
201 347 290 408 adhuc
310 347 420 425 copiam
440 347 549 406 avaritii
568 347 745 407 dominorum
764 369 812 407 oc·
829 371 889 418 497·

75 432 207 501 colante,
228 430 276 508 qui
289 448 324 488 ex
337 428 488 489 calamitate
502 429 610 506 publiea
621 431 753 507 questum
766 431 850 489 atr-⁸·
864 427 894 470 C·

75 518 219 592 tupautes,
240 529 306 569 cum
323 509 378 588 ipsa
396 529 487 569 rerum
505 510 708 570 necessariarum
728 531 817 588 penu·
832 500 891 549 255·

75 594 117 657 ria
136 593 256 671 pretium
275 590 434 655 earumdem
447 591 557 653 audium
571 593 604 650 iri
618 591 741 670 quotidie
755 592 816 671 spe-

75 673 183 741 tabant.
228 669 313 731 Unde
327 672 430 737 fadum
443 673 480 735 est
497 687 528 732 ut
546 674 638 751 pronis
655 673 763 732 auribus
776 675 817 733 Ir-

76 755 154 828 gutio
173 752 220 816 M.
234 753 335 825 Reguli
353 754 531 830 acciperetur,
551 754 599 830 qui
617 753 681 812 betti
700 754 820 816 conferti

77 835 191 898 titulum
208 834 340 906 ambiens,
362 833 510 912 timensque
527 855 562 898 ue
579 833 640 910 quis
656 834 746 895 Romi
759 836 817 894 suc-

76 915 166 979 ceffor
177 914 267 979 uetus
283 936 347 977 eum
360 915 544 994 interciperet,
560 915 659 977 Poenos
673 914 708 973 ad
721 936 819 994 pacem

78 997 248 1061 hortabatur.
598 1035 600 1038 -

104 1079 207 1145 ¹XXI.
230 1079 328 1155 Itaque
348 1077 415 1143 miffi
435 1075 549 1136 suntad
570 1095 634 1141 euru
651 1076 765 1155 quidam
785 1096 821 1137 ex

80 1157 260 1239 principibus.
282 1156 327 1216 sed
339 1180 426 1237 quum
440 1157 455 1218 d
468 1159 512 1218 M.
526 1157 646 1230 Regulo,
658 1159 707 1237 qui
720 1159 746 1218 se
759 1180 819 1218 cer-

82 1256 143 1300 tum
159 1241 187 1299 ia
202 1260 285 1300 mauu
305 1241 402 1299 habere
417 1241 558 1299 vidtur'tam
577 1239 699 1318 putabat,
720 1241 819 1301 intole-
881 1308 883 1313 ‚

83 1320 183 1382 tabiieo
196 1320 366 1397 conditiones
384 1321 448 1380 ferri
462 1321 596 1392 uiderent,
617 1316 718 1380 intetto
735 1342 820 1394 nego-

80 1401 123 1464 tit
141 1400 320 1465 disceffeeunt.
354 1398 447 1460 Sicilid
468 1402 543 1467 enim
561 1398 598 1462 &
614 1401 742 1462 Sardioid
764 1401 821 1469 toti

81 1483 184 1555 emere,
205 1483 327 1542 Romanis
341 1486 553 1559 captiootgratie
572 1481 688 1556 reddere,
701 1485 763 1560 suos
771 1498 821 1561 pe-

81 1561 167 1627 miri
184 1565 326 1637 redimere,
353 1562 415 1622 belli
433 1558 553 1639 sumptus
572 1581 655 1621 omnes
673 1565 822 1639 restituere,

79 1656 266 1725 eraetereaque
277 1644 395 1721 vettigol
402 1660 516 1701 ooouum
526 1643 638 1721 pendere
648 1644 822 1720 jubebantur.

84 1728 143 1789 Hie
162 1725 225 1800 alia,
244 1746 334 1804 neque
351 1724 442 1785 minda
460 1724 571 1783 molesta
587 1722 771 1790 addebantur:
792 1740 824 1786 ut

60 1840 61 1844 ,
84 1807 180 1887 eosdem
195 1826 252 1869 tum
265 1807 356 1885 populo
371 1807 485 1866 Romane
501 1805 580 1884 hostes
594 1806 733 1884 amicosque
746 1805 824 1866 hobe-

86 1903 168 1951 rent.-
188 1908 221 1949 nr
240 1889 350 1948 novibus
371 1888 464 1963 longis,
479 1900 659 1965 praeterquom
679 1887 744 1963 uni,
765 1902 823 1949 ute-

83 1982 202 2031 rentur.-
224 1971 350 2030 Romouos
361 1981 458 2040 autem,
478 1969 678 2046 quotiescumque
685 1969 824 2048 fignifica-

79 2064 146 2112 tum
165 2049 235 2127 effer,
256 2051 406 2113 triremibus
424 2052 556 2126 instruitis
574 2054 762 2126 quinquaginta
773 2054 824 2131 ju·

87 2145 196 2193 eorem.
229 2131 428 2210 Obstupefadis
441 2129 549 2189 adhaec
562 2130 667 2202 legatis,
688 2135 714 2188 dc
729 2146 759 2190 ut
769 2135 824 2189 mi-
847 2184 848 2187 ,

88 2215 160 2276 tiore
179 2214 324 2292 imperaret
344 2212 493 2284 orantibus,
511 2212 677 2283 vincendum,
697 2225 744 2269 aut
764 2216 825 2271 oin·
905 2271 909 2277 ,

87 2295 206 2356 rentibus
222 2293 442 2372 obtemperandum
462 2293 510 2370 effe
530 2292 676 2369 respondit.
717 2293 827 2371 Quibus

89 2377 121 2435 in
133 2375 232 2436 urbem
246 2375 335 2435 relatis
349 2375 500 2435 exacerbati
515 2374 603 2447 Poeni,
614 2395 769 2453 quanquam
783 2395 827 2434 re-

90 2457 144 2518 bus
166 2456 319 2516 admodum
337 2455 427 2519 acciso
445 2468 599 2529 uterentur,
625 2458 718 2515 omnia
737 2471 828 2518 tamen

90 2537 170 2616 priua
180 2539 237 2615 pati
250 2538 438 2607 decreverunt,
453 2536 535 2616 quim
547 2557 592 2596 eas
605 2536 748 2598 admittere
759 2560 827 2598 con·

92 2618 224 2691 ditiones,
245 2639 311 2698 quaa
325 2618 393 2679 nihil
410 2618 484 2677 aliud
500 2619 549 2678 nist
564 2620 747 2695 captiuitatem
761 2621 829 2679 civi·

91 2699 157 2762 tatia
170 2699 224 2759 suat
236 2699 444 2776 servitutemque
458 2699 510 2758 effe
523 2697 729 2759 arbitrabantur.

135 2780 238 2842 XXII.
261 2782 297 2840 In
311 2801 347 2840 eo
358 2782 424 2840 statu
437 2799 528 2839 rerum
541 2799 622 2839 naues
636 2799 699 2855 quae
712 2779 748 2838 ad
762 2782 832 2838 con?

95 2859 256 2922 ducendum
273 2863 389 2922 militem
410 2861 439 2918 in
454 2859 592 2921 Graeciam
611 2859 694 2919 miffar
714 2860 831 2934 fuerant,

95 2941 214 3002 conettt
228 2944 456 3004 mercenariorum
474 2941 547 3001 haud
558 2940 661 3012 ,exigua
673 2961 767 3015 matra,
786 2965 831 3003 re-

99 3021 221 3086 dieunt.
261 3023 540 3164 InldaXauthippIIqs
554 3022 667 3106 quidam
681 3039 736 3088 erat
748 3045 830 3100 gene·
