1956 3736
157 133 345 194 ὅπη-ιι.
367 129 404 191 L.
417 130 502 192 XIX:
524 131 685 203 Lr'vrrn.
733 136 793 216 239

60 262 180 328 minibus
202 261 395 337 (milliaferme
407 259 503 320 decem
517 263 603 336 erant)
625 259 888 340 caprae'lunt,u,c.-‘

60 345 155 420 ceteri,
175 340 372 421 percommode
390 358 493 402 mutato
513 345 584 403 inter
604 363 704 421 pugnae
724 356 795 401 tem-
816 356 875 402 5¹0⁴

60 445 112 504 pua
122 441 218 496 vento,
240 422 440 483 Hieronnelmn
452 423 516 494 fugi
528 423 676 483 evaserunt.
805 412 834 456 Δ·
843 411 875 455 ⁰⁶

103 505 226 564 LV111.
247 505 321 563 Haec
345 503 381 562 est
402 504 449 562 nn
469 504 569 563 nomn
590 506 739 564 ranorum
762 502 799 562 aa
816 486 876 536 ’μ’

63 586 180 658 AEgates
197 585 294 644 insulae
312 584 413 657 clades,
434 586 668 665 quemadmodum
685 583 799 662 {Poly-

63 668 110 727 bio
123 665 244 725 maxime
255 666 385 744 descripta
399 667 444 725 est.
463 687 528 724 narn
541 668 586 725 alii
598 667 739 744 scriptores
752 682 800 724 ea·
860 720 864 729 ,

62 763 122 825 pras
143 767 226 806 naves
245 761 299 806 trea
319 751 345 805 ἀ
363 748 543 826 septuaginta,
571 762 683 806 centum
701 746 800 818 viginti

62 829 184 906 quinque
199 827 342 898 demersas,
363 829 419 887 duo
436 834 462 885 dr
475 828 584 898 triginta
602 828 688 886 millia
706 827 799 886 homi·

63 927 132 967 num
157 924 250 986 capra,
277 909 411 967 tredecim
438 908 524 965 millia
551 908 616 966 caesa
642 907 799 966 retulerunt.

65 987 160 1048 Praeda
179 989 231 1046 fuit
251 989 357 1060 ingens,
378 1009 435 1046 non
455 989 485 1045 in
502 1003 658 1046 commeatu
676 984 762 1046 modd
776 993 802 1044 δι
872 1045 875 1050 ,

60 1070 159 1139 armis,
177 1069 222 1127 sed
236 1070 318 1127 etiam
331 1088 398 1126 auro
412 1082 585 1146 argentoque.
618 1069 663 1126 Ex
677 1068 803 1125 Romana

65 1149 143 1209 elalle
155 1167 236 1207 navet
251 1150 376 1207 interiere
393 1148 551 1208 duodecim.
584 1150 687 1207 Ferunt
701 1148 735 1204 ab
749 1149 802 1205 ini-

64 1231 106 1288 tio
125 1249 223 1306 pugnae
241 1230 410 1307 conspectam
430 1232 462 1287 in
483 1230 555 1288 coelo
572 1229 648 1306 supra
664 1229 802 1287 Romanae

65 1322 149 1368 naves
162 1310 261 1380 facem,
284 1310 392 1368 Punioce
410 1309 478 1368 elrffi
492 1312 568 1368 velut
584 1309 678 1368 infesti
694 1308 803 1386 cuspide

67 1388 250 1460 minitantem,
270 1390 428 1466 praesagium
440 1393 553 1449 eventus
567 1411 633 1449 mox
647 1389 805 1468 consequuti

67 1468 169 1528 fecille.
205 1470 308 1527 Hanno
323 1489 386 1527 cum
400 1471 511 1547 reliquie
521 1490 557 1529 ex
571 1473 665 1549 praelio
678 1470 803 1541 navibus,

68 1563 169 1628 praeter
185 1567 230 1605 eas
244 1568 305 1626 quae
321 1549 478 1626 Lilybaeum
494 1552 639 1621 evaserant,
660 1550 804 1619 Carthagi·

68 1649 135 1691 nem
155 1629 288 1700 revectus,
310 1647 403 1706 poenae
423 1629 585 1687 infelicitatis
603 1631 655 1688 suae
675 1629 805 1706 supplicio

67 1709 167 1850 cbqpirir
191 1710 251 1767 luit.
293 1710 334 1802 ᾼῑ
354 1710 388 1766 C.
405 1710 531 1848 Luftpgqs
556 1709 647 1848 cpnsul
667 1709 703 1766 ad
725 1710 804 1785 Lily-

114 1805 207 1849 tanum
226 1804 377 1849 exercitum
416 1810 447 1847 ro
521 1811 533 1848 e
589 1809 657 1848 onec
727 1809 805 1848 cura·

67 1887 114 1930 rur
133 1872 243 1944 vulnus,
271 1811 439 1930 recenseniia
462 1808 806 1949 mvidus'homiildutque

69 1953 198 2026 captivis,
223 1952 440 2032 imperandoque
462 1954 530 2032 quid
554 1955 590 2012 de
615 1952 725 2025 surgulir
748 1953 806 2011 lieri

70 2029 164 2100 vellet,
185 2047 293 2106 tempus
312 2034 455 2108 impendit.
476 2035 542 2091 inde
559 2035 697 2111 profectus
713 2033 755 2089 ad'
767 2033 805 2089 E-

69 2129 167 2189 rycem
185 2129 251 2168 cum
265 2111 405 2168 Amilcare
422 2112 548 2188 praelium
565 2111 713 2168 secundum
730 2111 807 2184 fecit,

67 2191 179 2252 duobus
193 2189 285 2249 occifis
301 2190 449 2248 Poeuorum
463 2191 593 2250 millibus.

113 2273 197 2332 LIX.
219 2273 260 2330 At
273 2271 517 2341 Carthaginienses,
537 2269 647 2342 cognita
660 2270 744 2328 cladis
757 2269 810 2329 sure

71 2352 270 2424 magnitudine,
291 2351 414 2410 nondum
429 2351 543 2428 quidem
561 2352 646 2409 animi
661 2350 697 2417 ad
714 2350 809 2409 instau-

68 2433 189 2501 randum
207 2432 322 2505 bellum,
341 2429 388 2490 sed
404 2432 463 2507 jam
474 2433 548 2489 viret
565 2431 744 2497 &facultates
759 2431 811 2488 de-

72 2513 209 2575 ficiebant.
231 2533 319 2592 neque
336 2513 412 2570 enim
427 2513 550 2595 Erycino
568 2512 698 2571 exercitui
711 2509 811 2570 sudmi-

75 2596 186 2653 nistrare
196 2595 338 2653 necessaria
352 2608 486 2671 poteraut,
501 2610 576 2653 mare
588 2586 741 2650 tenentibus
753 2593 813 2650 Ro-

74 2673 180 2741 manis:
201 2694 300 2752 neque,
316 2674 424 2732 fihunc
435 2672 587 2745 amiliffent,
601 2674 686 2730 alium
695 2685 744 2730 aut
757 2673 813 2731 mi-

74 2755 164 2825 litem,
185 2769 232 2812 aut
249 2755 348 2813 ducem
368 2754 511 2826 habebant,
532 2754 577 2811 cui
597 2753 727 2810 auderent
745 2771 813 2811 eon·
888 2814 905 2832 ⁴

77 2835 170 2895 fidere.
206 2835 269 2893 Hac
290 2835 439 2893 necestitate
460 2835 494 2892 ad
516 2834 728 2911 desperationem
749 2833 813 2908 aeti,

79 2915 207 2976 miserunt
222 2915 450 2988 adAmilcarem,
470 2916 628 2992 potestatem
644 2915 671 2973 ei
689 2913 813 2974 deferen-

79 3010 121 3085 tea
135 2995 243 3074 agendi,
259 2993 394 3078 quidquid
407 2995 570 3079 erepublica
583 2996 738 3083 uideretur.
752 2997 817 3079 Ne:
