1956 3736
168 159 184 198 2
320 137 740 214 J.Fnerssssrsn11

74 280 107 326 υ.
120 281 145 324 e.
167 265 245 324 uitia
260 265 398 336 gentis&
409 265 448 321 'rei
462 259 742 340 gerendae'cupiditas,
760 261 900 320 confilium

83 346 141 399 4⁶⁰·
168 347 328 422 eripuerant.
362 344 459 420 raptim
485 344 520 400 ad
544 342 632 399 hostes
656 343 776 399 exercitu
803 340 903 414 dutio,

75 409 145 532 n:
168 422 903 579 sununs“brettenbrunum

435 547 458 574 ‚.

166 582 274 654 agmine
296 584 321 641 le
340 584 504 659 recipiebant
523 581 558 638 ad
576 582 651 651 suos,
677 581 829 639 universam
852 581 902 640 ho·

165 664 247 720 stium
260 663 464 721 multitudinem
476 662 570 732 sugere
584 662 737 732 arbitratus,
756 680 813 719 non
828 660 905 719 loco·

165 763 239 813 rum,
260 763 318 801 non
331 744 477 801 hominum
493 741 631 818 explorato
650 740 754 812 habitu,
776 754 902 818 tanquam

165 824 257 881 omnis
278 824 398 881 vidioriae
421 823 479 900 spes
503 822 532 879 in
555 820 690 878 celeritate
715 819 801 897 polita
824 821 902 894 ellet,

166 902 267 981 quanti
281 903 399 962 maximi
416 902 581 960 festinatione
599 914 714 977 poterat,
735 900 808 971 signa
822 900 904 959 infer·

166 984 191 1041 ri
203 984 283 1059 justit.
316 983 402 1060 Apud
415 983 548 1040 Samnites
561 979 576 1039 ai
590 980 641 1039 suis
655 981 831 1057 praemonitos
844 1001 903 1040 orn·

168 1064 214 1121 nia
228 1063 447 1141 circumspebliiss
459 1063 516 1119 atta
530 1063 605 1120 sunt:
627 1061 740 1137 praecipi
754 1075 905 1138 opportuna

99 1216 102 1223 Ι
168 1143 241 1216 loca,
261 1144 324 1202 strui
342 1144 423 1214 acies,
444 1142 568 1218 alloquiis
583 1140 686 1198 ducum
704 1141 815 1199 accendi
832 1141 906 1201 mili·

169 1225 205 1281 tis
219 1223 304 1281 animi
317 1235 473 1300 potuerunt.
490 1220 590 1292 ,Igitur
603 1234 717 1285 eventus
728 1217 827 1297 praelii,
842 1241 907 1299 qua-

103 1340 106 1345 ·
168 1302 203 1361 lis
218 1303 269 1361 effe
284 1302 388 1373 debuit,
409 1302 471 1360 fuit.
508 1300 599 1360 Fellos
617 1321 651 1359 ex
669 1300 764 1358 itinere
779 1301 805 1356 &
819 1301 906 1373 cursu,

103 1406 108 1413 ·
169 1382 285 1441 turbatis
303 1382 454 1452 ordinibus,
475 1392 605 1458 tanquam
624 1379 659 1437 ad
679 1378 800 1455 praedam
821 1382 910 1454 magis

149 1460 254 1540 'quim
274 1481 396 1539 pugnarn
415 1460 565 1530 venientes,
590 1459 731 1518 nuruum
752 1461 910 1538 paratusque

169 1543 249 1620 miles
262 1542 337 1601 haud
350 1561 450 1613 magno
463 1540 576 1612 negotio
589 1539 714 1619 pepulit:
732 1541 755 1598 F
756 1540 844 1613 abins,
859 1540 910 1600 de·

169 1621 290 1683 sideratis
310 1623 420 1682 suorum
440 1621 560 1682 millibus
581 1621 677 1692 tribus,
702 1621 806 1697 majore
828 1620 910 1682 etiam

169 1723 289 1762 numero
301 1704 461 1774 suesionum,
473 1701 620 1780 quominus
634 1718 746 1761 omnem
760 1702 911 1763 emitum

171 1785 318 1854 amitteret,
341 1782 505 1860 superventu
515 1783 602 1842 noblis
617 1781 739 1841 defensus
753 1783 801 1842 sil.

104 1885 107 1892 ·
212 1863 275 1920 111.
298 1862 375 1919 Tum
394 1862 457 1920 loeo
475 1863 557 1937 paulo
573 1864 693 1938 aequiore
709 1876 802 1939 capto,
823 1880 912 1942 quan-

170 1952 232 1999 tum
245 1941 275 1998 in
288 1939 334 1996 illa
348 1940 527 2017 trepidatione
541 1941 601 1999 beri
612 1943 713 2018 potuit,
733 1943 816 2002 castra
830 1963 910 2004 com-

170 2020 278 2093 munita
289 2019 357 2080 funt.
379 2021 408 2077 in
420 2020 519 2098 quibus
531 2021 605 2080 haud
616 2023 704 2081 multo
716 2022 814 2082 melior
826 2021 910 2101 quim

170 2101 201 2171 in
214 2099 274 2179 ipsa
283 2101 340 2159 acie
354 2114 400 2159 aut
414 2101 496 2160 facies
509 2122 612 2174 rerum,
633 2115 679 2160 aut
691 2103 791 2162 fiducia
803 2105 910 2163 animo·

171 2201 236 2241 mm
248 2181 310 2242 fuit.
336 2200 394 2240 non
410 2183 515 2260 requies
533 2177 611 2254 fessis,
632 2202 688 2240 non
702 2183 779 2242 cibus
793 2184 910 2243 esurien-

167 2261 256 2334 tibus,
276 2282 332 2320 non
345 2262 467 2321 fomenta
480 2263 572 2320 sauciis
589 2263 781 2339 suppetebant:
803 2265 910 2325 nutum

160 2362 238 2407 ,cuns
256 2343 337 2400 armis
357 2344 458 2415 egrelir,
479 2344 614 2420 prioribus
633 2344 663 2400 in
682 2345 772 2402 eastris
789 2344 908 2423 impedi·

171 2435 264 2480 menta
282 2423 374 2479 omnia
391 2425 562 2499 reliquerunt.
599 2423 687 2494 Igitur
703 2425 774 2483 inter
790 2427 914 2497 gemitus

171 2500 347 2560 morientium
363 2507 389 2558 da
402 2502 522 2578 querelas
536 2503 706 2580 superstitum
718 2517 775 2563 totas
787 2525 848 2566 non
859 2527 913 2565 eree

170 2579 229 2637 abia
246 2581 293 2650 est,
315 2581 441 2640 omnibus
457 2582 646 2640 imminentem
664 2583 740 2642 diem
757 2605 825 2645 eum
841 2587 906 2645 bor·

170 2679 232 2719 rore
249 2679 280 2718 ac
295 2658 487 2738 desperatione,
508 2678 538 2720 ut
555 2663 715 2740 supremam,
737 2667 906 2743 opperientis

170 2739 233 2800 bus.
257 2739 347 2816 Neque
360 2745 431 2799 snitu
441 2743 569 2802 laboribus
577 2745 669 2818 seffor,
684 2744 820 2822 exhaustos
836 2751 906 2821 vigi·

171 2821 226 2891 liis,
247 2822 398 2896 uulneribus
411 2823 513 2896 debiles,
536 2824 663 2900 portabas
677 2826 783 2900 infelici
795 2830 903 2903 prelis,

170 2917 276 2959 nmero
296 2906 376 2961 etiam
395 2902 504 2963 multbm
528 2908 672 2974 imminuto,
700 2907 816 2982 reſsstcre
836 2909 904 2984 pff

171 2978 290 3056 hostibus,
307 3003 366 3062 quos
379 2985 511 3047 incolumis
522 2984 606 3049 adbuc
616 2987 726 3062 integris
738 2992 833 3051 ambus
844 2992 901 3051 m·-
