<?xml version="1.0" encoding="UTF-8"?>
<!DOCTYPE html PUBLIC "-//W3C//DTD XHTML 1.0 Transitional//EN"
    "http://www.w3.org/TR/xhtml1/DTD/xhtml1-transitional.dtd">
<html xmlns="http://www.w3.org/1999/xhtml" xml:lang="en" lang="en">
 <head>
  <title>
</title>
<meta http-equiv="Content-Type" content="text/html;charset=utf-8" />
  <meta name='ocr-system' content='tesseract 3.04.00' />
  <meta name='ocr-capabilities' content='ocr_page ocr_carea ocr_par ocr_line ocrx_word'/>
</head>
<body>
  <div class='ocr_page' id='page_1' title='image "./appendixliviana00livygoog_0133.png"; bbox 0 0 1906 3736; ppageno 0'>
   <div class='ocr_carea' id='block_1_1' title="bbox 187 102 789 166">
    <p class='ocr_par' dir='ltr' id='par_1_1' title="bbox 187 102 789 166">
     <span class='ocr_line' id='line_1_1' title="bbox 187 102 789 166; baseline -0.007 0"><span class='ocrx_word' id='word_1_1' title='bbox 187 109 247 166; x_wconf 76' lang='lat'>118·</span> <span class='ocrx_word' id='word_1_2' title='bbox 342 102 789 164; x_wconf 51' lang='lat' dir='ltr'>Emrnou‘rrouru‘</span> 
     </span>
    </p>
   </div>
   <div class='ocr_carea' id='block_1_2' title="bbox 67 228 935 2461">
    <p class='ocr_par' dir='ltr' id='par_1_2' title="bbox 94 228 924 867">
     <span class='ocr_line' id='line_1_2' title="bbox 94 228 923 310; baseline 0.002 -22"><span class='ocrx_word' id='word_1_3' title='bbox 94 241 123 288; x_wconf 66' lang='lat' dir='ltr'>t„</span> <span class='ocrx_word' id='word_1_4' title='bbox 134 257 177 304; x_wconf 86' lang='lat'>45.</span> <span class='ocrx_word' id='word_1_5' title='bbox 185 234 298 293; x_wconf 82' lang='lat' dir='ltr'>triclinia</span> <span class='ocrx_word' id='word_1_6' title='bbox 308 234 486 294; x_wconf 80' lang='lat' dir='ltr'>ornabantur.</span> <span class='ocrx_word' id='word_1_7' title='bbox 523 234 635 291; x_wconf 86' lang='lat' dir='ltr'>Subibat</span> <span class='ocrx_word' id='word_1_8' title='bbox 649 235 737 293; x_wconf 89' lang='lat' dir='ltr'>Persei</span> <span class='ocrx_word' id='word_1_9' title='bbox 752 250 846 292; x_wconf 79' lang='lat' dir='ltr'>currus</span> <span class='ocrx_word' id='word_1_10' title='bbox 861 228 923 310; x_wconf 72' lang='lat' dir='ltr'>ejuo&#39;</span> 
     </span>
     <span class='ocr_line' id='line_1_3' title="bbox 114 314 924 390; baseline 0 -20"><span class='ocrx_word' id='word_1_11' title='bbox 114 322 155 370; x_wconf 83' lang='lat'>39·</span> <span class='ocrx_word' id='word_1_12' title='bbox 184 316 264 371; x_wconf 78' lang='lat' dir='ltr'>armis</span> <span class='ocrx_word' id='word_1_13' title='bbox 288 315 411 385; x_wconf 82' lang='lat' dir='ltr'>onustus,</span> <span class='ocrx_word' id='word_1_14' title='bbox 437 315 531 371; x_wconf 84' lang='lat' dir='ltr'>addito</span> <span class='ocrx_word' id='word_1_15' title='bbox 553 314 716 373; x_wconf 86' lang='lat' dir='ltr'>diademate.</span> <span class='ocrx_word' id='word_1_16' title='bbox 752 314 924 390; x_wconf 69' lang='lat' dir='ltr'>Sequebatur,</span> 
     </span>
     <span class='ocr_line' id='line_1_4' title="bbox 183 393 913 470; baseline -0.001 -20"><span class='ocrx_word' id='word_1_17' title='bbox 183 394 351 470; x_wconf 79' lang='lat' dir='ltr'>captivorum</span> <span class='ocrx_word' id='word_1_18' title='bbox 376 414 496 466; x_wconf 83' lang='lat' dir='ltr'><strong>agmen:</strong></span> <span class='ocrx_word' id='word_1_19' title='bbox 527 394 593 451; x_wconf 75' lang='lat' dir='ltr'>uitis</span> <span class='ocrx_word' id='word_1_20' title='bbox 615 394 713 469; x_wconf 85' lang='lat' dir='ltr'>Cotyis</span> <span class='ocrx_word' id='word_1_21' title='bbox 734 396 807 464; x_wconf 83' lang='lat' dir='ltr'>regis</span> <span class='ocrx_word' id='word_1_22' title='bbox 831 393 913 462; x_wconf 80' lang='lat' dir='ltr'>filius,</span> 
     </span>
     <span class='ocr_line' id='line_1_5' title="bbox 182 470 913 549; baseline -0.005 -17"><span class='ocrx_word' id='word_1_23' title='bbox 182 472 257 532; x_wconf 84' lang='lat' dir='ltr'>obses</span> <span class='ocrx_word' id='word_1_24' title='bbox 271 473 299 529; x_wconf 92' lang='lat' dir='ltr'>in</span> <span class='ocrx_word' id='word_1_25' title='bbox 314 474 508 532; x_wconf 84' lang='lat' dir='ltr'>Macedoniam</span> <span class='ocrx_word' id='word_1_26' title='bbox 524 470 539 530; x_wconf 73' lang='grc' dir='ltr'>Ξ</span> <span class='ocrx_word' id='word_1_27' title='bbox 558 489 632 549; x_wconf 86' lang='lat' dir='ltr'>patre</span> <span class='ocrx_word' id='word_1_28' title='bbox 646 474 749 543; x_wconf 76' lang='lat' dir='ltr'>missus,</span> <span class='ocrx_word' id='word_1_29' title='bbox 770 494 802 529; x_wconf 88' lang='lat' dir='ltr'>ac</span> <span class='ocrx_word' id='word_1_30' title='bbox 818 471 913 529; x_wconf 88' lang='lat' dir='ltr'>deinde</span> 
     </span>
     <span class='ocr_line' id='line_1_6' title="bbox 181 551 913 630; baseline -0.003 -22"><span class='ocrx_word' id='word_1_31' title='bbox 181 571 246 609; x_wconf 89' lang='lat' dir='ltr'>eum</span> <span class='ocrx_word' id='word_1_32' title='bbox 261 553 347 610; x_wconf 89' lang='lat' dir='ltr'>Persei</span> <span class='ocrx_word' id='word_1_33' title='bbox 366 555 457 612; x_wconf 80' lang='lat' dir='ltr'>liberis</span> <span class='ocrx_word' id='word_1_34' title='bbox 475 568 568 630; x_wconf 81' lang='lat' dir='ltr'>captus</span> <span class='ocrx_word' id='word_1_35' title='bbox 586 553 768 620; x_wconf 54' lang='lat' dir='ltr'>&amp;Romamn</span> <span class='ocrx_word' id='word_1_36' title='bbox 791 569 850 610; x_wconf 91' lang='lat' dir='ltr'>tum</span> <span class='ocrx_word' id='word_1_37' title='bbox 868 551 913 627; x_wconf 85' lang='lat' dir='ltr'>ipli</span> 
     </span>
     <span class='ocr_line' id='line_1_7' title="bbox 182 631 913 705; baseline -0.001 -16"><span class='ocrx_word' id='word_1_38' title='bbox 182 631 268 691; x_wconf 85' lang='lat' dir='ltr'>Persei</span> <span class='ocrx_word' id='word_1_39' title='bbox 282 633 369 705; x_wconf 85' lang='lat' dir='ltr'>liberi,</span> <span class='ocrx_word' id='word_1_40' title='bbox 391 633 536 692; x_wconf 88' lang='lat' dir='ltr'>comitante</span> <span class='ocrx_word' id='word_1_41' title='bbox 550 633 727 690; x_wconf 82' lang='lat' dir='ltr'>educaturum</span> <span class='ocrx_word' id='word_1_42' title='bbox 739 637 766 688; x_wconf 71' lang='lat' dir='ltr'>ic</span> <span class='ocrx_word' id='word_1_43' title='bbox 779 631 913 702; x_wconf 74' lang='lat' dir='ltr'>magistro·</span> 
     </span>
     <span class='ocr_line' id='line_1_8' title="bbox 182 712 911 788; baseline 0 -20"><span class='ocrx_word' id='word_1_44' title='bbox 182 731 245 770; x_wconf 88' lang='lat' dir='ltr'>rum</span> <span class='ocrx_word' id='word_1_45' title='bbox 262 714 381 783; x_wconf 83' lang='lat' dir='ltr'>agmine,</span> <span class='ocrx_word' id='word_1_46' title='bbox 401 734 496 772; x_wconf 86' lang='lat' dir='ltr'>manus</span> <span class='ocrx_word' id='word_1_47' title='bbox 515 712 550 769; x_wconf 86' lang='lat' dir='ltr'>acl</span> <span class='ocrx_word' id='word_1_48' title='bbox 566 713 726 788; x_wconf 72' lang='lat' dir='ltr'>spellatores</span> <span class='ocrx_word' id='word_1_49' title='bbox 743 731 808 769; x_wconf 92' lang='lat' dir='ltr'>cum</span> <span class='ocrx_word' id='word_1_50' title='bbox 829 713 911 786; x_wconf 87' lang='lat' dir='ltr'>laery-</span> 
     </span>
     <span class='ocr_line' id='line_1_9' title="bbox 185 792 912 867; baseline -0.004 -17"><span class='ocrx_word' id='word_1_51' title='bbox 185 793 237 850; x_wconf 82' lang='lat' dir='ltr'>rnir</span> <span class='ocrx_word' id='word_1_52' title='bbox 250 793 434 851; x_wconf 82' lang='lat' dir='ltr'>miserabiliter</span> <span class='ocrx_word' id='word_1_53' title='bbox 446 793 625 862; x_wconf 86' lang='lat' dir='ltr'>tendentium,</span> <span class='ocrx_word' id='word_1_54' title='bbox 638 799 664 849; x_wconf 69' lang='grc' dir='ltr'>δι</span> <span class='ocrx_word' id='word_1_55' title='bbox 677 792 835 849; x_wconf 88' lang='lat' dir='ltr'>docentium</span> <span class='ocrx_word' id='word_1_56' title='bbox 849 810 912 867; x_wconf 87' lang='lat' dir='ltr'>pue-</span> 
     </span>
    </p>

    <p class='ocr_par' dir='ltr' id='par_1_3' title="bbox 184 869 914 1027">
     <span class='ocr_line' id='line_1_10' title="bbox 184 869 911 949; baseline -0.001 -21"><span class='ocrx_word' id='word_1_57' title='bbox 184 892 241 941; x_wconf 78' lang='lat' dir='ltr'>ros,</span> <span class='ocrx_word' id='word_1_58' title='bbox 254 872 453 949; x_wconf 76' lang='lat' dir='ltr'>implorandum</span> <span class='ocrx_word' id='word_1_59' title='bbox 467 872 619 949; x_wconf 83' lang='lat' dir='ltr'>suppliciter</span> <span class='ocrx_word' id='word_1_60' title='bbox 630 871 743 929; x_wconf 74' lang='lat' dir='ltr'>vislorir</span> <span class='ocrx_word' id='word_1_61' title='bbox 755 869 850 949; x_wconf 86' lang='lat' dir='ltr'>populi</span> <span class='ocrx_word' id='word_1_62' title='bbox 864 869 911 928; x_wconf 89' lang='lat' dir='ltr'>mi·</span> 
     </span>
     <span class='ocr_line' id='line_1_11' title="bbox 184 948 914 1027; baseline -0.007 -17"><span class='ocrx_word' id='word_1_63' title='bbox 184 951 364 1010; x_wconf 86' lang='lat' dir='ltr'>sericordiam.</span> <span class='ocrx_word' id='word_1_64' title='bbox 399 952 462 1010; x_wconf 90' lang='lat' dir='ltr'>Filii</span> <span class='ocrx_word' id='word_1_65' title='bbox 484 969 558 1010; x_wconf 83' lang='lat' dir='ltr'>erant</span> <span class='ocrx_word' id='word_1_66' title='bbox 579 952 646 1021; x_wconf 91' lang='lat' dir='ltr'>duo,</span> <span class='ocrx_word' id='word_1_67' title='bbox 672 951 762 1027; x_wconf 78' lang='lat' dir='ltr'>puella</span> <span class='ocrx_word' id='word_1_68' title='bbox 786 969 849 1020; x_wconf 84' lang='lat' dir='ltr'>una,</span> <span class='ocrx_word' id='word_1_69' title='bbox 868 948 914 1026; x_wconf 85' lang='lat' dir='ltr'>qui</span> 
     </span>
    </p>

    <p class='ocr_par' dir='ltr' id='par_1_4' title="bbox 181 1030 920 1567">
     <span class='ocr_line' id='line_1_12' title="bbox 182 1030 920 1107; baseline -0.005 -19"><span class='ocrx_word' id='word_1_70' title='bbox 182 1051 218 1088; x_wconf 92' lang='lat' dir='ltr'>eo</span> <span class='ocrx_word' id='word_1_71' title='bbox 237 1033 368 1106; x_wconf 83' lang='lat' dir='ltr'>majorem</span> <span class='ocrx_word' id='word_1_72' title='bbox 387 1031 533 1088; x_wconf 84' lang='lat' dir='ltr'>movebant</span> <span class='ocrx_word' id='word_1_73' title='bbox 556 1030 754 1088; x_wconf 67' lang='lat' dir='ltr'>miserationem</span> <span class='ocrx_word' id='word_1_74' title='bbox 775 1030 920 1107; x_wconf 69' lang='lat' dir='ltr'>spedaud.</span> 
     </span>
     <span class='ocr_line' id='line_1_13' title="bbox 184 1108 918 1187; baseline -0.003 -19"><span class='ocrx_word' id='word_1_75' title='bbox 184 1111 245 1181; x_wconf 88' lang='lat' dir='ltr'>bus,</span> <span class='ocrx_word' id='word_1_76' title='bbox 266 1109 341 1187; x_wconf 81' lang='lat' dir='ltr'>qudd</span> <span class='ocrx_word' id='word_1_77' title='bbox 357 1111 406 1186; x_wconf 89' lang='lat' dir='ltr'>ipfi</span> <span class='ocrx_word' id='word_1_78' title='bbox 424 1131 474 1187; x_wconf 86' lang='lat' dir='ltr'>per</span> <span class='ocrx_word' id='word_1_79' title='bbox 491 1125 598 1169; x_wconf 76' lang='lat' dir='ltr'>aetatem</span> <span class='ocrx_word' id='word_1_80' title='bbox 612 1113 660 1168; x_wconf 85' lang='lat' dir='ltr'>vix</span> <span class='ocrx_word' id='word_1_81' title='bbox 674 1111 745 1167; x_wconf 83' lang='lat' dir='ltr'>mala</span> <span class='ocrx_word' id='word_1_82' title='bbox 757 1109 805 1167; x_wconf 84' lang='lat' dir='ltr'>sua</span> <span class='ocrx_word' id='word_1_83' title='bbox 817 1108 918 1166; x_wconf 81' lang='lat' dir='ltr'>intelli·¹</span> 
     </span>
     <span class='ocr_line' id='line_1_14' title="bbox 181 1189 915 1267; baseline -0.001 -20"><span class='ocrx_word' id='word_1_84' title='bbox 181 1208 246 1259; x_wconf 76' lang='lat' dir='ltr'>gere</span> <span class='ocrx_word' id='word_1_85' title='bbox 263 1204 395 1265; x_wconf 88' lang='lat' dir='ltr'>poterant.</span> <span class='ocrx_word' id='word_1_86' title='bbox 430 1191 526 1267; x_wconf 86' lang='lat' dir='ltr'>Itaque</span> <span class='ocrx_word' id='word_1_87' title='bbox 546 1191 657 1267; x_wconf 88' lang='lat' dir='ltr'>plurimi</span> <span class='ocrx_word' id='word_1_88' title='bbox 675 1189 810 1266; x_wconf 82' lang='lat' dir='ltr'>lacrymas</span> <span class='ocrx_word' id='word_1_89' title='bbox 826 1204 915 1246; x_wconf 80' lang='lat' dir='ltr'>tenere</span> 
     </span>
     <span class='ocr_line' id='line_1_15' title="bbox 182 1269 911 1345; baseline 0 -20"><span class='ocrx_word' id='word_1_90' title='bbox 182 1289 239 1326; x_wconf 88' lang='lat' dir='ltr'>non</span> <span class='ocrx_word' id='word_1_91' title='bbox 250 1285 406 1345; x_wconf 89' lang='lat' dir='ltr'>potuerunt,</span> <span class='ocrx_word' id='word_1_92' title='bbox 425 1274 451 1326; x_wconf 73' lang='lat' dir='ltr'>dc</span> <span class='ocrx_word' id='word_1_93' title='bbox 464 1271 591 1327; x_wconf 80' lang='lat' dir='ltr'>omuibus</span> <span class='ocrx_word' id='word_1_94' title='bbox 604 1269 727 1327; x_wconf 86' lang='lat' dir='ltr'>confudit</span> <span class='ocrx_word' id='word_1_95' title='bbox 740 1271 860 1327; x_wconf 89' lang='lat' dir='ltr'>animum</span> <span class='ocrx_word' id='word_1_96' title='bbox 874 1282 911 1325; x_wconf 86' lang='lat' dir='ltr'>ta·</span> 
     </span>
     <span class='ocr_line' id='line_1_16' title="bbox 182 1348 908 1425; baseline -0.004 -19"><span class='ocrx_word' id='word_1_97' title='bbox 182 1349 253 1406; x_wconf 83' lang='lat' dir='ltr'>citus</span> <span class='ocrx_word' id='word_1_98' title='bbox 267 1348 376 1425; x_wconf 91' lang='lat' dir='ltr'>quidam</span> <span class='ocrx_word' id='word_1_99' title='bbox 392 1369 504 1418; x_wconf 77' lang='lat' dir='ltr'>monor,</span> <span class='ocrx_word' id='word_1_100' title='bbox 526 1350 573 1425; x_wconf 92' lang='lat' dir='ltr'>qui</span> <span class='ocrx_word' id='word_1_101' title='bbox 591 1349 694 1406; x_wconf 84' lang='lat' dir='ltr'>fincero</span> <span class='ocrx_word' id='word_1_102' title='bbox 710 1369 759 1406; x_wconf 78' lang='lat' dir='ltr'>eor</span> <span class='ocrx_word' id='word_1_103' title='bbox 776 1349 830 1406; x_wconf 88' lang='lat' dir='ltr'>frui</span> <span class='ocrx_word' id='word_1_104' title='bbox 848 1367 908 1420; x_wconf 83' lang='lat' dir='ltr'>gau·</span> 
     </span>
     <span class='ocr_line' id='line_1_17' title="bbox 182 1426 906 1505; baseline -0.001 -21"><span class='ocrx_word' id='word_1_105' title='bbox 182 1427 241 1497; x_wconf 89' lang='lat' dir='ltr'>dio,</span> <span class='ocrx_word' id='word_1_106' title='bbox 261 1429 390 1505; x_wconf 88' lang='lat' dir='ltr'>quamdiu</span> <span class='ocrx_word' id='word_1_107' title='bbox 409 1428 558 1486; x_wconf 85' lang='lat' dir='ltr'>subuculis</span> <span class='ocrx_word' id='word_1_108' title='bbox 576 1429 652 1504; x_wconf 90' lang='lat' dir='ltr'>pueri</span> <span class='ocrx_word' id='word_1_109' title='bbox 669 1429 791 1499; x_wconf 85' lang='lat' dir='ltr'>fuerunt,</span> <span class='ocrx_word' id='word_1_110' title='bbox 812 1448 866 1486; x_wconf 89' lang='lat' dir='ltr'>uon</span> <span class='ocrx_word' id='word_1_111' title='bbox 877 1426 906 1483; x_wconf 84' lang='lat' dir='ltr'>sr-</span> 
     </span>
     <span class='ocr_line' id='line_1_18' title="bbox 182 1505 907 1567; baseline -0.004 -2"><span class='ocrx_word' id='word_1_112' title='bbox 182 1522 270 1567; x_wconf 81' lang='lat' dir='ltr'>ueret.</span> <span class='ocrx_word' id='word_1_113' title='bbox 311 1505 386 1567; x_wconf 71' lang='lat' dir='ltr'>Puni</span> <span class='ocrx_word' id='word_1_114' title='bbox 407 1509 475 1567; x_wconf 83' lang='lat' dir='ltr'>filios</span> <span class='ocrx_word' id='word_1_115' title='bbox 496 1507 636 1566; x_wconf 80' lang='lat' dir='ltr'>incedebat</span> <span class='ocrx_word' id='word_1_116' title='bbox 657 1528 722 1564; x_wconf 86' lang='lat' dir='ltr'>cum</span> <span class='ocrx_word' id='word_1_117' title='bbox 744 1527 831 1566; x_wconf 81' lang='lat' dir='ltr'>uxore</span> <span class='ocrx_word' id='word_1_118' title='bbox 851 1508 907 1565; x_wconf 90' lang='lat' dir='ltr'>Per·</span> 
     </span>
    </p>

    <p class='ocr_par' dir='ltr' id='par_1_5' title="bbox 67 1586 913 2222">
     <span class='ocr_line' id='line_1_19' title="bbox 67 1586 913 1664; baseline 0.002 -20"><span class='ocrx_word' id='word_1_119' title='bbox 67 1644 74 1651; x_wconf 86' lang='grc'><strong>,</strong></span> <span class='ocrx_word' id='word_1_120' title='bbox 183 1586 252 1658; x_wconf 81' lang='lat' dir='ltr'>seur,</span> <span class='ocrx_word' id='word_1_121' title='bbox 273 1589 349 1663; x_wconf 90' lang='lat' dir='ltr'>pullo</span> <span class='ocrx_word' id='word_1_122' title='bbox 368 1589 478 1658; x_wconf 64' lang='lat' dir='ltr'>amictu,</span> <span class='ocrx_word' id='word_1_123' title='bbox 499 1608 562 1645; x_wconf 89' lang='lat' dir='ltr'>cum</span> <span class='ocrx_word' id='word_1_124' title='bbox 579 1587 694 1664; x_wconf 82' lang='lat' dir='ltr'>crepidis</span> <span class='ocrx_word' id='word_1_125' title='bbox 710 1587 807 1645; x_wconf 83' lang='lat' dir='ltr'>Graeci</span> <span class='ocrx_word' id='word_1_126' title='bbox 820 1587 913 1656; x_wconf 63' lang='lat' dir='ltr'>moria·</span> 
     </span>
     <span class='ocr_line' id='line_1_20' title="bbox 183 1667 904 1744; baseline 0.001 -19"><span class='ocrx_word' id='word_1_127' title='bbox 183 1668 296 1744; x_wconf 80' lang='lat' dir='ltr'>stupenti</span> <span class='ocrx_word' id='word_1_128' title='bbox 311 1668 462 1727; x_wconf 81' lang='lat' dir='ltr'>&amp;attonito</span> <span class='ocrx_word' id='word_1_129' title='bbox 473 1667 577 1739; x_wconf 75' lang='lat' dir='ltr'>similis,</span> <span class='ocrx_word' id='word_1_130' title='bbox 591 1674 616 1724; x_wconf 73' lang='grc' dir='ltr'>δι</span> <span class='ocrx_word' id='word_1_131' title='bbox 629 1669 674 1724; x_wconf 89' lang='lat' dir='ltr'>cui</span> <span class='ocrx_word' id='word_1_132' title='bbox 683 1667 845 1738; x_wconf 83' lang='lat' dir='ltr'>magnitudo</span> <span class='ocrx_word' id='word_1_133' title='bbox 856 1687 904 1726; x_wconf 82' lang='lat' dir='ltr'>ma·</span> 
     </span>
     <span class='ocr_line' id='line_1_21' title="bbox 181 1746 913 1823; baseline -0.003 -21"><span class='ocrx_word' id='word_1_134' title='bbox 181 1746 271 1804; x_wconf 89' lang='lat' dir='ltr'>lorum</span> <span class='ocrx_word' id='word_1_135' title='bbox 286 1761 406 1804; x_wconf 89' lang='lat' dir='ltr'>mentem</span> <span class='ocrx_word' id='word_1_136' title='bbox 420 1746 533 1807; x_wconf 84' lang='lat' dir='ltr'>oumino</span> <span class='ocrx_word' id='word_1_137' title='bbox 551 1747 673 1823; x_wconf 80' lang='lat' dir='ltr'>eripuisse</span> <span class='ocrx_word' id='word_1_138' title='bbox 686 1748 832 1805; x_wconf 77' lang='lat' dir='ltr'>videretur.</span> <span class='ocrx_word' id='word_1_139' title='bbox 862 1747 913 1803; x_wconf 86' lang='lat' dir='ltr'>Se·.</span> 
     </span>
     <span class='ocr_line' id='line_1_22' title="bbox 180 1825 905 1904; baseline 0.003 -23"><span class='ocrx_word' id='word_1_140' title='bbox 180 1825 312 1901; x_wconf 84' lang='lat' dir='ltr'>quebatur</span> <span class='ocrx_word' id='word_1_141' title='bbox 330 1827 480 1883; x_wconf 89' lang='lat' dir='ltr'>amicorum</span> <span class='ocrx_word' id='word_1_142' title='bbox 499 1831 525 1882; x_wconf 86' lang='lat'>&amp;</span> <span class='ocrx_word' id='word_1_143' title='bbox 540 1827 714 1885; x_wconf 75' lang='lat' dir='ltr'>familiarium</span> <span class='ocrx_word' id='word_1_144' title='bbox 736 1828 823 1898; x_wconf 77' lang='lat' dir='ltr'>turbu,</span> <span class='ocrx_word' id='word_1_145' title='bbox 844 1846 905 1904; x_wconf 83' lang='lat' dir='ltr'>quo·</span> 
     </span>
     <span class='ocr_line' id='line_1_23' title="bbox 181 1904 908 1984; baseline 0.003 -24"><span class='ocrx_word' id='word_1_146' title='bbox 181 1924 243 1961; x_wconf 89' lang='lat' dir='ltr'>rum</span> <span class='ocrx_word' id='word_1_147' title='bbox 268 1904 296 1962; x_wconf 90' lang='lat' dir='ltr'>iu</span> <span class='ocrx_word' id='word_1_148' title='bbox 319 1904 399 1965; x_wconf 86' lang='lat' dir='ltr'>vultu</span> <span class='ocrx_word' id='word_1_149' title='bbox 420 1905 499 1963; x_wconf 89' lang='lat' dir='ltr'>dolor</span> <span class='ocrx_word' id='word_1_150' title='bbox 523 1907 611 1976; x_wconf 78' lang='lat' dir='ltr'>gravis</span> <span class='ocrx_word' id='word_1_151' title='bbox 635 1907 786 1978; x_wconf 82' lang='lat' dir='ltr'>eminebat,</span> <span class='ocrx_word' id='word_1_152' title='bbox 815 1907 908 1984; x_wconf 85' lang='lat' dir='ltr'>quique</span> 
     </span>
     <span class='ocr_line' id='line_1_24' title="bbox 183 1984 910 2062; baseline 0.004 -23"><span class='ocrx_word' id='word_1_153' title='bbox 183 2003 268 2060; x_wconf 89' lang='lat' dir='ltr'>quum</span> <span class='ocrx_word' id='word_1_154' title='bbox 286 1984 390 2060; x_wconf 88' lang='lat' dir='ltr'>semper</span> <span class='ocrx_word' id='word_1_155' title='bbox 411 1986 505 2042; x_wconf 89' lang='lat' dir='ltr'>oculos</span> <span class='ocrx_word' id='word_1_156' title='bbox 526 1987 555 2042; x_wconf 91' lang='lat' dir='ltr'>in</span> <span class='ocrx_word' id='word_1_157' title='bbox 571 2005 640 2056; x_wconf 18' lang='lat' dir='ltr'>,eum</span> <span class='ocrx_word' id='word_1_158' title='bbox 656 1986 770 2056; x_wconf 83' lang='lat' dir='ltr'>figerent</span> <span class='ocrx_word' id='word_1_159' title='bbox 790 1985 910 2062; x_wconf 76' lang='lat' dir='ltr'>lacrymit</span> 
     </span>
     <span class='ocr_line' id='line_1_25' title="bbox 182 2063 910 2135; baseline 0.003 -16"><span class='ocrx_word' id='word_1_160' title='bbox 182 2063 296 2134; x_wconf 84' lang='lat' dir='ltr'>rigantes</span> <span class='ocrx_word' id='word_1_161' title='bbox 319 2084 376 2135; x_wconf 86' lang='lat' dir='ltr'>ora,</span> <span class='ocrx_word' id='word_1_162' title='bbox 401 2065 461 2122; x_wconf 85' lang='lat' dir='ltr'>satis</span> <span class='ocrx_word' id='word_1_163' title='bbox 482 2064 636 2123; x_wconf 85' lang='lat' dir='ltr'>indicabant</span> <span class='ocrx_word' id='word_1_164' title='bbox 656 2066 706 2123; x_wconf 88' lang='lat' dir='ltr'>sese</span> <span class='ocrx_word' id='word_1_165' title='bbox 730 2067 802 2124; x_wconf 81' lang='lat' dir='ltr'>illius</span> <span class='ocrx_word' id='word_1_166' title='bbox 823 2066 910 2123; x_wconf 88' lang='lat' dir='ltr'>dolere</span> 
     </span>
     <span class='ocr_line' id='line_1_26' title="bbox 183 2142 909 2222; baseline 0.004 -23"><span class='ocrx_word' id='word_1_167' title='bbox 183 2142 272 2213; x_wconf 81' lang='lat' dir='ltr'>mulis,</span> <span class='ocrx_word' id='word_1_168' title='bbox 284 2143 393 2203; x_wconf 86' lang='lat' dir='ltr'>suorum</span> <span class='ocrx_word' id='word_1_169' title='bbox 407 2145 595 2205; x_wconf 84' lang='lat' dir='ltr'>immemores.</span> <span class='ocrx_word' id='word_1_170' title='bbox 614 2145 696 2204; x_wconf 88' lang='lat' dir='ltr'>Hauc</span> <span class='ocrx_word' id='word_1_171' title='bbox 707 2146 823 2222; x_wconf 85' lang='lat' dir='ltr'>quidem</span> <span class='ocrx_word' id='word_1_172' title='bbox 834 2146 909 2216; x_wconf 82' lang='lat' dir='ltr'>igno·</span> 
     </span>
    </p>

    <p class='ocr_par' dir='ltr' id='par_1_6' title="bbox 181 2223 935 2461">
     <span class='ocr_line' id='line_1_27' title="bbox 182 2223 935 2300; baseline 0.005 -19"><span class='ocrx_word' id='word_1_173' title='bbox 182 2223 293 2281; x_wconf 84' lang='lat' dir='ltr'>mitriatn</span> <span class='ocrx_word' id='word_1_174' title='bbox 308 2223 465 2300; x_wconf 81' lang='lat' dir='ltr'>deprecatus</span> <span class='ocrx_word' id='word_1_175' title='bbox 479 2240 536 2283; x_wconf 88' lang='lat' dir='ltr'>erat</span> <span class='ocrx_word' id='word_1_176' title='bbox 550 2225 668 2296; x_wconf 77' lang='lat' dir='ltr'>Perseus,</span> <span class='ocrx_word' id='word_1_177' title='bbox 680 2226 760 2283; x_wconf 82' lang='lat' dir='ltr'>miffis</span> <span class='ocrx_word' id='word_1_178' title='bbox 773 2226 808 2283; x_wconf 80' lang='lat' dir='ltr'>ad</span> <span class='ocrx_word' id='word_1_179' title='bbox 820 2225 910 2285; x_wconf 85' lang='lat' dir='ltr'>AEmi·</span> <span class='ocrx_word' id='word_1_180' title='bbox 933 2292 935 2297; x_wconf 50' lang='grc'>,</span> 
     </span>
     <span class='ocr_line' id='line_1_28' title="bbox 181 2301 908 2382; baseline 0.003 -20"><span class='ocrx_word' id='word_1_181' title='bbox 181 2301 268 2372; x_wconf 87' lang='lat' dir='ltr'>llum,</span> <span class='ocrx_word' id='word_1_182' title='bbox 294 2303 343 2380; x_wconf 91' lang='lat' dir='ltr'>qui</span> <span class='ocrx_word' id='word_1_183' title='bbox 364 2317 470 2373; x_wconf 82' lang='lat' dir='ltr'>orarent</span> <span class='ocrx_word' id='word_1_184' title='bbox 491 2325 525 2363; x_wconf 88' lang='lat' dir='ltr'>ne</span> <span class='ocrx_word' id='word_1_185' title='bbox 546 2304 577 2362; x_wconf 85' lang='lat' dir='ltr'>in</span> <span class='ocrx_word' id='word_1_186' title='bbox 597 2305 737 2382; x_wconf 84' lang='lat' dir='ltr'>triumpho</span> <span class='ocrx_word' id='word_1_187' title='bbox 758 2305 908 2364; x_wconf 88' lang='lat' dir='ltr'>duceretur.</span> 
     </span>
     <span class='ocr_line' id='line_1_29' title="bbox 181 2381 913 2461; baseline 0.004 -22"><span class='ocrx_word' id='word_1_188' title='bbox 181 2381 250 2439; x_wconf 75' lang='lat' dir='ltr'>Risu</span> <span class='ocrx_word' id='word_1_189' title='bbox 263 2382 394 2440; x_wconf 81' lang='lat' dir='ltr'>AEmiliur</span> <span class='ocrx_word' id='word_1_190' title='bbox 405 2383 525 2441; x_wconf 81' lang='lat' dir='ltr'>hominis</span> <span class='ocrx_word' id='word_1_191' title='bbox 539 2385 685 2455; x_wconf 82' lang='lat' dir='ltr'>ignaviam,</span> <span class='ocrx_word' id='word_1_192' title='bbox 706 2389 742 2455; x_wconf 73' lang='lat' dir='ltr'>dc,</span> <span class='ocrx_word' id='word_1_193' title='bbox 762 2386 795 2442; x_wconf 88' lang='lat' dir='ltr'>id</span> <span class='ocrx_word' id='word_1_194' title='bbox 803 2386 913 2461; x_wconf 76' lang='lat' dir='ltr'>quidm,</span> 
     </span>
    </p>
   </div>
   <div class='ocr_carea' id='block_1_3' title="bbox 177 2460 919 3018">
    <p class='ocr_par' dir='ltr' id='par_1_7' title="bbox 177 2460 919 3018">
     <span class='ocr_line' id='line_1_30' title="bbox 179 2460 912 2540; baseline 0.005 -22"><span class='ocrx_word' id='word_1_195' title='bbox 179 2461 280 2538; x_wconf 86' lang='lat' dir='ltr'>iuquit,</span> <span class='ocrx_word' id='word_1_196' title='bbox 302 2465 332 2518; x_wconf 81' lang='lat' dir='ltr'>in</span> <span class='ocrx_word' id='word_1_197' title='bbox 345 2461 421 2540; x_wconf 77' lang='lat' dir='ltr'>ipfius</span> <span class='ocrx_word' id='word_1_198' title='bbox 430 2460 466 2521; x_wconf 57' lang='grc' dir='ltr'>ξδ’</span> <span class='ocrx_word' id='word_1_199' title='bbox 473 2463 574 2538; x_wconf 70' lang='lat' dir='ltr'>pridem</span> <span class='ocrx_word' id='word_1_200' title='bbox 583 2465 645 2538; x_wconf 66' lang='lat' dir='ltr'>suit</span> <span class='ocrx_word' id='word_1_201' title='bbox 657 2461 692 2523; x_wconf 66' lang='lat'>{5</span> <span class='ocrx_word' id='word_1_202' title='bbox 704 2484 773 2522; x_wconf 78' lang='lat' dir='ltr'>nuuc</span> <span class='ocrx_word' id='word_1_203' title='bbox 787 2467 822 2540; x_wconf 79' lang='lat' dir='ltr'>cst</span> <span class='ocrx_word' id='word_1_204' title='bbox 836 2483 912 2523; x_wconf 78' lang='lat' dir='ltr'>manu</span> 
     </span>
     <span class='ocr_line' id='line_1_31' title="bbox 181 2541 913 2618; baseline 0.007 -20"><span class='ocrx_word' id='word_1_205' title='bbox 181 2560 213 2598; x_wconf 83' lang='lat' dir='ltr'>ac</span> <span class='ocrx_word' id='word_1_206' title='bbox 227 2542 368 2618; x_wconf 78' lang='lat' dir='ltr'>potestate:</span> <span class='ocrx_word' id='word_1_207' title='bbox 389 2541 470 2601; x_wconf 69' lang='lat' dir='ltr'>taciti</span> <span class='ocrx_word' id='word_1_208' title='bbox 488 2563 612 2614; x_wconf 85' lang='lat' dir='ltr'>monens,</span> <span class='ocrx_word' id='word_1_209' title='bbox 633 2559 663 2602; x_wconf 92' lang='lat' dir='ltr'>ut</span> <span class='ocrx_word' id='word_1_210' title='bbox 679 2545 807 2615; x_wconf 76' lang='lat' dir='ltr'>generosi</span> <span class='ocrx_word' id='word_1_211' title='bbox 826 2561 913 2603; x_wconf 85' lang='lat' dir='ltr'>morte</span> 
     </span>
     <span class='ocr_line' id='line_1_32' title="bbox 183 2621 912 2699; baseline 0.004 -20"><span class='ocrx_word' id='word_1_212' title='bbox 183 2621 213 2679; x_wconf 87' lang='lat' dir='ltr'>id</span> <span class='ocrx_word' id='word_1_213' title='bbox 226 2621 301 2699; x_wconf 90' lang='lat' dir='ltr'>quod</span> <span class='ocrx_word' id='word_1_214' title='bbox 317 2622 454 2681; x_wconf 86' lang='lat' dir='ltr'>metuebat</span> <span class='ocrx_word' id='word_1_215' title='bbox 468 2622 585 2683; x_wconf 85' lang='lat' dir='ltr'>dedecus</span> <span class='ocrx_word' id='word_1_216' title='bbox 599 2623 737 2694; x_wconf 82' lang='lat' dir='ltr'>effugeret.</span> <span class='ocrx_word' id='word_1_217' title='bbox 773 2625 827 2682; x_wconf 88' lang='lat' dir='ltr'>Sed</span> <span class='ocrx_word' id='word_1_218' title='bbox 846 2625 912 2684; x_wconf 87' lang='lat' dir='ltr'>sorte</span> 
     </span>
     <span class='ocr_line' id='line_1_33' title="bbox 183 2701 916 2773; baseline 0.003 -13"><span class='ocrx_word' id='word_1_219' title='bbox 183 2701 323 2761; x_wconf 83' lang='lat' dir='ltr'>confilium</span> <span class='ocrx_word' id='word_1_220' title='bbox 343 2721 398 2759; x_wconf 90' lang='lat' dir='ltr'>non</span> <span class='ocrx_word' id='word_1_221' title='bbox 416 2702 521 2761; x_wconf 79' lang='lat' dir='ltr'>admisit</span> <span class='ocrx_word' id='word_1_222' title='bbox 538 2703 628 2761; x_wconf 83' lang='lat' dir='ltr'>mollis</span> <span class='ocrx_word' id='word_1_223' title='bbox 646 2705 762 2773; x_wconf 82' lang='lat' dir='ltr'>animus,</span> <span class='ocrx_word' id='word_1_224' title='bbox 784 2709 810 2761; x_wconf 75' lang='grc' dir='ltr'>δι</span> <span class='ocrx_word' id='word_1_225' title='bbox 827 2706 916 2762; x_wconf 91' lang='lat' dir='ltr'>nescio</span> 
     </span>
     <span class='ocr_line' id='line_1_34' title="bbox 182 2781 918 2861; baseline 0.008 -25"><span class='ocrx_word' id='word_1_226' title='bbox 182 2781 236 2856; x_wconf 76' lang='lat' dir='ltr'>qui</span> <span class='ocrx_word' id='word_1_227' title='bbox 250 2781 294 2858; x_wconf 91' lang='lat' dir='ltr'>spe</span> <span class='ocrx_word' id='word_1_228' title='bbox 309 2781 435 2841; x_wconf 86' lang='lat' dir='ltr'>delinitus</span> <span class='ocrx_word' id='word_1_229' title='bbox 447 2783 541 2841; x_wconf 84' lang='lat' dir='ltr'>maluit</span> <span class='ocrx_word' id='word_1_230' title='bbox 553 2784 582 2841; x_wconf 88' lang='lat' dir='ltr'>io</span> <span class='ocrx_word' id='word_1_231' title='bbox 594 2782 691 2859; x_wconf 81' lang='lat' dir='ltr'>praedae</span> <span class='ocrx_word' id='word_1_232' title='bbox 707 2782 759 2840; x_wconf 85' lang='lat' dir='ltr'>suae</span> <span class='ocrx_word' id='word_1_233' title='bbox 773 2800 850 2860; x_wconf 87' lang='lat' dir='ltr'>parte</span> <span class='ocrx_word' id='word_1_234' title='bbox 862 2785 918 2861; x_wconf 84' lang='lat' dir='ltr'>ipse</span> 
     </span>
     <span class='ocr_line' id='line_1_35' title="bbox 179 2861 919 2937; baseline 0.009 -21"><span class='ocrx_word' id='word_1_235' title='bbox 179 2862 327 2921; x_wconf 82' lang='lat' dir='ltr'>numerari.</span> <span class='ocrx_word' id='word_1_236' title='bbox 369 2861 581 2937; x_wconf 70' lang='lat' dir='ltr'>Quadringenta</span> <span class='ocrx_word' id='word_1_237' title='bbox 604 2861 667 2919; x_wconf 88' lang='lat' dir='ltr'>iude</span> <span class='ocrx_word' id='word_1_238' title='bbox 692 2882 803 2920; x_wconf 86' lang='lat' dir='ltr'>coronae</span> <span class='ocrx_word' id='word_1_239' title='bbox 828 2885 919 2923; x_wconf 68' lang='lat' dir='ltr'>aurem</span> 
     </span>
     <span class='ocr_line' id='line_1_36' title="bbox 177 2939 914 3018; baseline 0.016 -23"><span class='ocrx_word' id='word_1_240' title='bbox 177 2939 365 3018; x_wconf 67' lang='lat' dir='ltr'>portabantur,</span> <span class='ocrx_word' id='word_1_241' title='bbox 385 2941 477 3004; x_wconf 76' lang='lat' dir='ltr'>tulo</span> <span class='ocrx_word' id='word_1_242' title='bbox 490 2942 528 3003; x_wconf 81' lang='lat' dir='ltr'>ab</span> <span class='ocrx_word' id='word_1_243' title='bbox 539 2941 664 3004; x_wconf 78' lang='lat' dir='ltr'>omuibus</span> <span class='ocrx_word' id='word_1_244' title='bbox 684 2941 742 3003; x_wconf 70' lang='lat' dir='ltr'>sere</span> <span class='ocrx_word' id='word_1_245' title='bbox 755 2943 914 3007; x_wconf 65' lang='lat' dir='ltr'>Gracia&amp;</span> 
     </span>
    </p>
   </div>
   <div class='ocr_carea' id='block_1_4' title="bbox 0 0 958 3736">
    <p class='ocr_par' dir='ltr' id='par_1_8' title="bbox 0 0 958 3736">
     <span class='ocr_line' id='line_1_37' title="bbox 0 0 958 3736; baseline 0 0"><span class='ocrx_word' id='word_1_246' title='bbox 0 0 958 3736; x_wconf 95' lang='lat' dir='ltr'> </span> 
     </span>
    </p>
   </div>
  </div>
 </body>
</html>
