1956 3736
98 300 178 350 Μ.

111 379 168 424 50²·

101 437 132 478 A.
145 435 174 479 C.

111 509 169 554 ²50·

197 150 255 207 u8
350 144 781 222 J.Farrnsuanrr
960 74 965 197 i

237 279 916 356 IX.&dqmmexmmimnewmmmm
961 204 966 355 i

196 362 378 431 dimicaretur,
399 360 517 417 maxima
535 361 606 417 circa
628 359 767 416 machinas
787 376 845 418 erat
863 378 916 416 con·
963 362 966 391 ³

195 443 298 502 tentio:
318 459 383 518 quas
398 440 444 497 alii
459 455 490 497 ut
503 455 719 517 corrumperent,
736 442 783 497 alii
795 457 826 498 ut
839 440 918 498 defen·

194 524 299 593 derent,
320 541 375 578 non
393 521 478 591 magis
492 521 544 578 suae
559 520 640 598 quim
658 521 740 578 hostis
755 523 823 579 vitae
840 539 919 599 parce·

194 603 265 660 bant.
305 601 416 679 Jacebat
438 602 532 672 ingens
555 621 653 672 agmen
674 601 829 660 occisorum
853 603 921 660 inea

193 683 314 753 statione,
336 702 418 760 quam
435 681 564 740 tuendam
582 681 616 738 ab
633 682 711 739 initio
727 697 865 758 ceperant.
884 701 920 738 au·

193 765 274 836 gebat
294 764 443 821 clamorem
462 761 641 838 praeliantium
662 766 688 818 δι
707 763 857 820 terrificam
879 761 922 819 dis·

193 844 316 902 criminis
331 845 427 902 faciem
442 843 492 899 alia
504 842 591 912 turba,
611 860 673 918 quae
686 841 793 901 facibus
807 841 923 920 taediique

194 941 306 997 armata,
327 947 376 1003 per
394 922 521 1002 pericula,
543 943 592 1000 per
606 922 694 979 caedes
709 923 768 979 suas
784 924 924 1001 alienasque

194 1006 231 1064 ad
243 1005 411 1064 incendenda
426 1023 507 1081 opera
519 1004 628 1061 ruebat:
651 1003 820 1082 propiusque
836 1006 925 1064 factum

195 1087 233 1146 ett
246 1088 323 1158 nihil,
336 1084 417 1164 quim
432 1099 463 1142 ut
477 1084 633 1162 peruicaciae
647 1084 767 1141 hostium
783 1086 865 1144 miles
875 1086 926 1144 Ro·

197 1188 294 1226 manus
313 1168 431 1237 cederet,
453 1165 639 1241 machinaeque
653 1164 766 1222 defendi
781 1168 926 1245 nequirent.

198 1248 253 1306 Sed
275 1247 400 1305 Himilco
425 1246 526 1302 multos
553 1244 661 1302 suorum
685 1246 856 1306 occumbere
876 1267 928 1304 cer·

195 1347 273 1397 nens,
296 1328 436 1384 Romanos
457 1340 548 1382 autem
569 1324 605 1382 de
625 1324 720 1382 ardore
743 1325 928 1405 propugnandi

196 1407 265 1466 nihil
287 1406 435 1476 remittere,
456 1405 561 1478 signum
579 1405 699 1482 receptui
718 1404 811 1478 dedit,
834 1406 927 1486 pugni·

196 1509 251 1567 que
271 1489 346 1565 prior
368 1485 482 1546 excellit.
511 1504 601 1562 neque
622 1486 744 1546 Romani
767 1488 927 1556 institerunt,

195 1570 317 1628 contenti
340 1568 446 1625 servatis
472 1567 614 1644 operibus,
643 1585 705 1644 quae
729 1569 928 1645 propemodum

197 1673 248 1732 pro
261 1649 356 1708 amiliis
368 1650 426 1723 jam
440 1646 597 1706 habuerant.

239 1735 276 1791 X.
304 1728 430 1788 Proximi
451 1730 530 1786 nodie
551 1726 681 1798 Annibal,
707 1728 783 1788 clam
805 1730 927 1799 hostibus,

197 1813 264 1870 dum
279 1811 333 1868 fessi
348 1829 382 1867 ex
396 1809 492 1887 praelio
504 1809 562 1884 ejus
573 1808 677 1866 abitum
691 1808 835 1869 observare
848 1810 927 1883 negli-

195 1906 279 1963 gunt,
304 1889 418 1945 navibus
439 1888 598 1965 quibuscum
619 1904 744 1961 venerat,
772 1891 926 1970 Drepanum

196 1971 231 2029 ad
248 1967 433 2030 Adherbalem
447 1968 539 2026 vetius
553 1969 606 2027 est:
627 1969 752 2028 abductis
768 1969 824 2031 uni
839 1970 925 2052 equiti·

197 2053 259 2125 bus,
280 2070 349 2130 quos
363 2049 391 2106 in
406 2048 473 2106 locis
487 2049 626 2125 impeditis
640 2051 676 2108 a'd
690 2051 795 2110 nullam
810 2051 925 2112 remob-

198 2134 266 2194 seliis
287 2132 376 2202 utiles,
401 2129 465 2188 alibi
486 2130 586 2188 bonam
607 2149 719 2208 operam
738 2151 842 2193 navare
863 2129 925 2210 polle

196 2213 269 2274 retii
291 2212 467 2290 judicaverat.
510 2211 553 2269 Hi
578 2212 652 2269 enirn
671 2210 687 2268 a
709 2210 844 2292 Drepano
867 2214 925 2290 sepe

197 2307 380 2365 etrcmrentes,
400 2292 488 2350 intuta
506 2289 640 2350 faciebant
659 2291 768 2367 itinera,
790 2310 924 2372 rerumque

198 2375 401 2436 necessariarum
423 2370 623 2432 subvectionem
643 2372 796 2448 difficilem,
824 2372 924 2436 multos-

197 2478 252 2535 que
267 2455 456 2534 pabulatorum
467 2452 574 2524 longius
585 2451 601 2511 i
615 2454 704 2511 castris
715 2458 873 2528 vagantium
883 2472 923 2512 ex·

197 2536 345 2614 cipiebant‚
364 2532 500 2611 sociosque
514 2533 704 2593 Romanorum
721 2538 800 2595 omni
815 2537 924 2597 cladium

198 2636 297 2689 genere
311 2626 449 2684 vexantea,
470 2613 609 2673 consulum
622 2615 740 2675 rationes
753 2637 813 2677 non
827 2618 923 2678 medio·

198 2699 279 2756 c'riter
298 2692 501 2754 conturbabant.
540 2695 641 2774 Neque
661 2699 730 2755 mari
750 2712 822 2758 tutae
839 2700 874 2758 iia
890 2714 924 2757 ret

199 2777 340 2839 Adherbal
355 2773 405 2832 elle
419 2774 577 2851 patiebatur,
589 2776 637 2855 qui
647 2775 739 2836 modo
751 2779 862 2854 Siculis,
873 2797 923 2839 mo·

199 2859 237 2918 db
261 2858 361 2917 Italicis
383 2855 505 2913 litoribus
523 2856 684 2935 improvisus
705 2859 843 2935 incidens,
868 2856 923 2920 nihl

198 2959 254 3014 quo
269 2956 367 2997 nocere
378 2937 509 2994 Romanis
523 2937 608 3015 pollet
619 2936 741 2997 inausum
756 2942 922 3002 intentatum·

199 3036 254 3096 que
273 3016 449 3096 relinquebat.
483 3017 527 3077 Ita
544 3018 657 3093 factum,
677 3034 708 3080 ut
726 3025 828 3099 maguti
844 3027 873 3086 iu
888 3041 923 3085 ca·
