1956 3736
166 146 361 242 'Surrueuss
385 176 683 240 L.XX.>L1v1sr.
739 195 798 255 279

59 314 121 385 lege
136 313 267 370 Flaminis
281 313 428 371 Gallorum
441 312 547 384 animis,
568 323 647 368 natus
663 323 719 368 erat
735 315 794 367 me·
806 325 838 374 υ.
849 327 887 375 c:

61 410 104 452 tus
127 395 242 465 Romae,
268 412 303 450 ne
324 392 392 471 quid
413 394 573 451 molirentur
594 391 720 449 homines
741 390 796 447 laeti
817 408 873 449 522.

61 475 144 548 bello,
166 480 191 532 δι
205 474 239 532 ad
259 475 327 532 iram
346 473 507 549 praecipites.
528 493 611 551 quare
629 493 717 551 nuper
736 471 795 528 edi·
808 464 835 507 Α·
849 465 888 509 c.-

59 557 136 614 sium
157 555 244 614 suerat
267 554 282 615 s
309 553 519 625 magistratibus,
543 573 578 612 ne
604 556 664 630 quis
689 552 796 612 homini
817 539 882 589 ²3⁰⁹

62 637 146 695 Gallo
161 657 257 695 aurum
269 636 313 695 vel
328 639 470 706 argentum
484 635 567 692 daret.
591 635 650 692 Boii
662 637 736 694 enim
749 655 798 693 cea

60 719 165 795 terique
179 718 265 789 Galli,
281 732 341 774 tum
355 736 388 774 ex
400 716 513 773 aliarum
526 734 628 784 rerunt,
644 730 703 773 tum
717 730 795 775 m'an-

60 799 196 874 cipiorum
215 798 372 856 venditione
392 797 531 866 ingentem
549 796 691 871 pecuniam
712 817 796 868 coge-

61 879 142 935 bant:
164 879 354 954 incesseratque
375 875 496 953 suspicio,
517 896 552 934 ne
574 875 619 932 ista
639 875 674 933 ad
695 877 797 936 bellurn

61 958 220 1015 Romanum
235 972 382 1015 uterentur.
420 957 511 1034 Qtare
526 957 613 1027 magis
628 958 710 1013 etiam
726 957 796 1013 inci-

60 1039 119 1107 tati,
142 1039 252 1108 cognito
269 1037 422 1095 consulibus
439 1038 606 1107 Ligusticum
624 1035 725 1093 bellum
744 1037 797 1097 esse

60 1118 213 1190 decretum,
234 1117 482 1176 occultis-confisis
498 1118 552 1175 hoc
570 1136 649 1187 agere
668 1115 796 1174 diceban·

59 1214 114 1271 tur,
136 1214 166 1256 ut
181 1200 342 1257 exercitibus
353 1199 486 1258 Romanis
500 1197 673 1276 expeditione
688 1197 796 1268 longin-

59 1279 113 1357 qus
131 1279 257 1351 detentis,
279 1280 327 1358 ipss
343 1280 439 1339 urbem
457 1279 676 1352 aggrederentur.
713 1278 797 1337 Cete-

59 1360 122 1419 nim
137 1360 255 1419 adventu
270 1361 409 1419 consulum
425 1363 520 1433 territi,
531 1380 619 1439 quum
632 1360 667 1416 ad
681 1360 740 1417 vim
754 1357 806 1417 se·⁴

59 1441 187 1498 ciundam
207 1443 332 1519 imparati
352 1442 445 1512 essent,
468 1444 608 1499 Romanos
626 1442 655 1498 in
675 1440 748 1517 pacis
764 1459 795 1496 ι-

58 1522 223 1598 micitiaeque
244 1522 360 1598 speciem
378 1521 505 1579 simulatis
527 1521 660 1598 obsequiis
680 1539 797 1598 excepe-

58 1622 97 1661 re.
121 1602 250 1658 Consules
263 1621 373 1698 quoque
387 1600 489 1658 bellum
503 1600 652 1678 oppressisse
664 1601 784 1658 contenti

58 1681 164 1740 causam
184 1701 233 1738 cur
253 1701 286 1739 eo
304 1681 433 1738 venissent
451 1682 570 1748 finxere3
591 1693 621 1737 at
639 1693 690 1756 per
706 1680 798 1738 Galli·

59 1780 118 1820 tum
131 1780 224 1834 agrum
236 1758 384 1818 commosin
397 1766 541 1820 exercitum
553 1765 583 1818 in
596 1763 733 1836 liguriam
747 1761 797 1818 du·

60 1855 158 1900 terent.
195 1843 338 1919 superiore
357 1862 428 1900 anno
446 1844 566 1901 censores
580 1843 648 1900 vitio
667 1841 732 1901 faui
747 1841 797 1900 ab·

59 1924 224 1981 dicaverant.
246 1924 336 2001 itaque
348 1922 391 1980 his
403 1923 517 1982 demum
529 1923 681 1982 consulibus
693 1923 794 2002 QFa·
802 1956 812 1977 ι.

59 2003 187 2080 biusQ
202 2006 233 2060 F.
256 2006 304 2080 Q
319 2003 361 2060 N.
383 2005 525 2061 Maximus
545 2005 723 2073 Verrucosus,
745 2005 807 2064 Ms

59 2085 233 2159 Sempronius
254 2086 289 2141 C.
310 2085 344 2141 F.
364 2085 409 2141 M.
432 2084 474 2142 N.
494 2083 660 2153 Tuditanus,
681 2084 797 2144 lustrum

58 2164 179 2242 primum
194 2169 219 2220 δι
233 2162 468 2241 quadragessmum
482 2162 640 2221 condidere.
722 2214 725 2217 .
802 2199 809 2215 .

101 2245 216 2303 XXIV.
240 2245 318 2301 Dum
333 2243 391 2299 haec
404 2242 432 2298 in
446 2242 524 2299 ltalia
536 2247 561 2298 ἃ
576 2243 643 2299 urbe
655 2254 808 2317 geruntur,t
845 2307 855 2317 ἣ

59 2325 208 2382 novicum
227 2325 327 2401 Illyriis
346 2323 408 2380 belli
424 2323 510 2379 causae
529 2322 625 2380 talibus
644 2323 727 2379 initiis
745 2340 796 2381 ex·

57 2406 188 2464 stiterunt.
226 2406 324 2482 Illyrii,
347 2405 424 2461 ferox
444 2408 471 2460 dc
492 2404 603 2460 uvidum
625 2403 725 2480 praedae
747 2419 810 2473 gea·

58 2506 120 2556 nus,
142 2486 281 2562 piraticam
296 2484 435 2555 faciundo,
456 2484 557 2542 multos
573 2485 731 2542 Italicorum
745 2501 810 2543 ne·-·

58 2568 239 2638 generorum,
268 2566 426 2624 Brundisino
450 2581 529 2642 portu
554 2566 685 2636 egressos,
712 2584 795 2643 cepe·

57 2663 135 2715 rant3
157 2648 302 2705 nonnullos
317 2667 427 2725 quoque
445 2646 651 2703 trucidaverant.
688 2647 725 2702 Et
739 2647 795 2722 pri-

60 2726 108 2786 md
130 2728 242 2806 quidem
263 2728 362 2784 delatas
383 2729 419 2784 ob
439 2747 470 2783 ea
490 2726 672 2803 querimonias
693 2726 798 2784 senatus

58 2810 128 2866 inter
147 2809 210 2866 alias
227 2830 304 2866 curas
323 2806 502 2878 negligentids
521 2807 721 2864 auscultaverit.
742 2825 795 2884 po·

58 2886 157 2947 stremd
170 2905 260 2947 tamen
274 2909 360 2968 quum
376 2887 536 2964 praedonum
549 2888 660 2944 audacia
674 2888 795 2964 impuni-

59 2986 115 3026 tate
136 2972 274 3041 cresceret,
300 2968 499 3046 crebrioresque
516 2969 574 3042 jam
594 2967 710 3047 querelae
732 2987 797 3046 per-

59 3051 193 3123 venirent,
212 3051 298 3112 visum
312 3052 349 3110 est
363 3049 552 3190 legatosanitti
565 3051 600 3109 ad
613 3070 656 3112 res
670 3065 800 3130 repeten-

512 3147 528 3189 s
542 3148 559 3191 2
