1956 3736
201 191 247 232 aa
277 173 466 234 Suratuu.
498 173 656 236 Lrvrau.
757 199 796 257 93

55 319 116 363 tem
133 303 209 376 leges
228 303 296 362 nihil
310 304 381 362 ultro
403 304 502 374 faeere,
513 324 611 383 ‚neque
631 303 740 382 obsequi
754 305 794 362 in·
806 324 833 370 L,
846 336 888 386 43,

54 383 159 443 decore
174 389 200 441 ἃ
212 385 335 462 turpiter.
372 385 507 446 Turbavit
525 385 584 447 haec
598 384 706 443 consilia
721 385 796 444 Cha·
833 402 855 450 3·

55 485 142 542 ropus
168 465 294 543 quidam,
323 467 381 540 ejus
405 466 540 543 Charopi,
569 467 616 544 qui
642 466 735 524 saltum
760 465 796 523 ad

56 546 156 604 Aoum
184 566 293 604 amnem
317 546 355 604 T.
378 546 492 624 Quintio
517 562 611 607 contra
639 547 794 623 Philippum

56 626 170 685 bellanti
188 641 338 704 aperuerat,
358 647 453 703 nepos,
474 627 535 685 vilis
553 630 737 703 potentiorum
756 627 794 688 as-

56 707 192 779 sentator,
210 712 246 764 uz
270 707 355 765 mirus
382 708 577 766 calumniarum
603 710 631 766 in
658 710 795 784 optimum

56 808 197 866 quemque
211 788 317 848 artilex.
354 789 453 846 Romae
468 787 596 846 educatus
612 789 709 859 suerat,
731 788 795 846 mis-

56 869 101 926 sus
121 869 156 926 ab
174 887 225 928 avo
239 868 267 925 in
285 867 393 939 urbem,
414 884 444 926 ut
458 869 579 938 linguam
594 869 747 926 Romanam
762 869 796 928 li-

56 948 180 1027 terasque
199 947 369 1025 perdisceret.
407 948 484 1006 Hinc
499 962 579 1004 notus
594 947 719 1024 carusque
732 947 796 1024 plu·

56 1029 136 1087 rimis
156 1029 362 1100 Romanorum,
388 1047 474 1106 quum
496 1027 643 1085 revertisset
663 1026 796 1099 domurn,

57 1108 153 1168 natural
167 1108 245 1179 levis,
264 1114 290 1166 δι
304 1109 415 1180 iugenio
428 1128 535 1186 pravus,
550 1127 637 1186 quum
650 1112 677 1165 tc
690 1107 798 1169 Roma-

57 1209 92 1249 ua
114 1191 140 1248 ei
159 1189 279 1247 amicitia
297 1188 398 1249 saceret
418 1189 539 1259 animos,
566 1189 702 1266 principes
723 1187 798 1246 viros

58 1269 141 1346 usque
155 1270 302 1330 allatrabat.
339 1268 393 1328 Sed
405 1267 494 1347 primo
508 1269 700 1346 despiciebatur
713 1268 748 1327 ab
762 1288 795 1326 o-

57 1350 179 1422 muibus,
191 1371 243 1408 nec
254 1351 311 1408 ulla
320 1351 378 1426 ejus
390 1352 459 1409 ratio
473 1350 630 1410 habebatur.
653 1350 798 1426 Postquam

57 1446 151 1497 autem
176 1431 279 1490 bellum
300 1430 435 1490 Perstcum
458 1429 606 1489 conflatum
631 1431 682 1502 est,
709 1450 797 1507 quum

56 1511 244 1589 plenaomnia
256 1511 433 1589 suspicionum
448 1511 477 1570 in
492 1511 602 1571 Graecia
615 1513 707 1582 essent,
722 1510 797 1572 mul·

56 1593 93 1650 tis
113 1593 216 1670 mlum,
237 1591 358 1669 pluribus
378 1591 483 1650 occulte
503 1591 597 1650 Perseo
617 1590 795 1660 studentibus,

55 1693 116 1732 uon
134 1671 236 1732 destitit
253 1672 396 1750 Charopus
415 1692 462 1730 eos
480 1672 530 1749 qui
550 1672 708 1730 ausioritate
726 1670 798 1728 inter

57 1753 187 1831 Epirotas
206 1753 373 1831 prestabant,
392 1753 465 1829 apud
486 1753 627 1811 Romanos
647 1749 798 1832 criminant

57 1834 97 1893 Et
110 1834 227 1912 speeiem
238 1832 386 1912 quamdam
396 1834 573 1912 coloremque
587 1833 738 1909 dabat-ejus
750 1850 795 1890 ca·

57 1916 172 1975 lumuiis
186 1934 219 1979 ea
232 1913 405 1986 necessitudo,
427 1936 489 1992 quae
503 1915 571 1975 olim
586 1914 708 1992 Cephalo
721 1926 796 1977 cetu·

58 1996 147 2074 risque
164 1995 293 2075 eamdem
307 1995 404 2055 seslum
422 1995 592 2072 sequentibus
608 2017 673 2054 cum
686 1995 798 2065 regibus

57 2075 248 2154 Macedonum
270 2075 367 2135 suerat.
406 2077 466 2150 Jam
486 2074 552 2134 verb
575 2076 667 2132 omnia
684 2075 800 2132 illorum

56 2157 132 2215 disin
155 2156 278 2234 fadlaque
299 2154 416 2226 maligni:
435 2157 593 2231 explorans,
620 2159 646 2210 ἕ(
666 2154 694 2210 in
719 2154 797 2229 pejus

57 2238 165 2315 semper
178 2237 358 2313 detorquens,
374 2236 569 2311 veritatemque
582 2233 692 2307 adjedlis
707 2232 797 2299 detra·

57 2318 161 2396 uisque
177 2337 240 2395 quae
255 2318 375 2376 voluerat
394 2315 556 2383 adulteram,
577 2312 660 2371 fidem
675 2311 797 2376 crimini·

57 2399 111 2459 bus
127 2397 253 2458 faciebat.
290 2397 392 2473 Neque
413 2395 455 2452 his
474 2411 564 2453 tamen
579 2391 803 2455 commovebaue

58 2495 105 2540 tur
127 2478 264 2556 Cephalus
285 2482 310 2534 δι
330 2477 352 2537 ii
370 2477 418 2553 qui
437 2474 584 2541 eorundem
608 2476 637 2533 in
660 2473 798 2550 ¹republica

26 2595 31 2603 ·
57 2559 235 2622 consiliorum
253 2557 318 2616 socii
337 2572 422 2629 erant,
442 2557 504 2615 freti
519 2556 624 2628 egregii
639 2555 799 2619 consciendi

58 2640 171 2700 illibatae
193 2657 256 2711 erga
278 2638 419 2696 Romanos
440 2637 514 2697 fidei.
548 2637 655 2702 Verium
675 2637 723 2695 ubi
744 2635 799 2693 illis

58 2720 293 2781 criminationibus
311 2737 404 2782 aurem
423 2717 544 2792 prebete
558 2718 699 2780 Romanos
712 2714 798 2773 sense·

59 2815 135 2873 runt,
150 2800 325 2877 &principes
338 2796 468 2875 quosdam
482 2796 651 2865 AEtolorurn,
665 2813 733 2871 quos
748 2811 798 2870 pa-

57 2883 125 2941 riter
139 2879 270 2958 suspesiot
285 2880 404 2938 fecerant
418 2876 627 2935 obtreeiatorum
639 2876 796 2954 ‚calunmiq

58 2964 184 3022 Romam
198 2959 339 3031 sbduttos,
360 2973 420 3018 tum
435 2955 548 3017 demum
561 2976 630 3036 opus
644 2956 695 3015 eise
707 2955 797 3015 credi·

58 3043 179 3122 derunt,
205 3054 235 3103 ut
254 3040 304 3107 ubi
323 3040 372 3128 ips
391 3038 493 3126 suisque
512 3037 595 3100 rebus
617 3037 800 3116 consulesque
