1956 3736
183 119 372 181 Surr'rau.
394 112 498 175 LXI.
522 115 680 180 Lrvrnu.
760 139 795 202 r9

69 249 213 312 sentiarum
227 247 261 307 ad
273 247 449 327 cupiditatem
462 247 608 327 potestatis,
623 246 676 328 qud
689 247 877 311 orirerur.

67 331 173 405 didicit,
193 330 267 402 adigi
280 329 423 408 patiantur.
708 330 715 338 ’
813 324 873 382 466·

103 411 257 471 xxvrn.
280 410 386 481 Legem
407 427 516 485 quoque
537 406 573 467 de
595 408 723 481 suffragiis
743 386 873 501 εῖτ-ᾖξ’

64 510 128 552 cum
149 492 210 550 haec
229 503 352 565 tempora
372 488 453 547 iatum
472 488 523 546 effe
544 490 716 562 crediderim,
742 493 796 570 qud

61 572 154 632 -Patrea
170 573 200 630 in
213 569 388 628 comitiorum
404 569 537 626 incertum
555 585 681 628 eventurn
699 573 793 630 austo-

63 643 105 712 rer
127 651 187 710 fieri
207 649 383 721 cogebantur.
424 649 565 707 Hactenus
585 652 658 709 enim
679 671 713 710 eo
731 653 794 727 Jure

52 733 217 802 utebantur,
245 730 285 787 uti
305 727 486 799 magistratum
508 748 599 798 gerere
620 751 675 788 non
696 731 791 807 posset,

37 865 40 870 .
61 814 107 870 cui
126 810 223 889 populi
241 809 370 880 suffragiis
387 808 465 866 datus
483 809 558 878 esser,
579 809 627 866 nist
641 811 729 870 Patres
744 830 791 870 att·

62 894 150 950 diores
173 889 280 948 suiffeut
303 888 376 947 fasti.
419 888 633 945 Continebanrur
657 891 791 948 interdum

52 972 116 1030 hoc
134 969 245 1028 vinculo
264 967 417 1045 improvida
435 967 520 1042 plebis
538 967 639 1026 studia:
663 974 689 1026 δι
708 990 791 1048 quan-

61 1069 145 1129 quam
166 1047 228 1108 raro
247 1047 475 1126 reprehenderent
494 1047 604 1105 comitia
626 1048 726 1121 Patres,
752 1065 791 1108 ta·

61 1149 127 1189 men
144 1129 209 1207 quia
226 1131 272 1204 jur
291 1127 353 1204 ipsra
372 1141 437 1198 erat,
463 1142 590 1204 tanquam
610 1129 792 1205 reprehensuri

53 1210 260 1268 metuebantur.
294 1209 374 1267 Tum
387 1205 453 1266 verb
467 1209 568 1266 serente
581 1209 668 1281 legem
684 1211 793 1269 tribuno

61 1290 149 1368 plebis
171 1289 288 1361 Maeuio,
316 1287 411 1365 populi
430 1287 541 1364 quidem
563 1290 638 1348 andiu
659 1289 789 1367 potestas;

51 1369 105 1429 sed
127 1369 225 1427 eadem
244 1367 326 1445 operi
346 1367 454 1425 salubris
474 1373 500 1425 δι
519 1369 673 1447 reipublicae
692 1371 791 1430 decora

60 1450 238 1508 comitiorum
249 1449 372 1506 severitas
386 1446 522 1505 debilitata
536 1450 580 1508 est.

99 1529 214 1587 XXIX.
237 1527 433 1605 QHorrensro
445 1527 574 1586 dictatore
586 1544 705 1601 mortuo,
717 1551 789 1590 crea-

58 1619 120 1667 tum
134 1607 229 1679 alium,
249 1606 360 1684 quidam
378 1607 499 1663 auctores
517 1607 585 1678 sunt,
606 1610 645 1665 rei
663 1612 790 1679 gerundae

57 1687 149 1827 ru
173 1687 521 1825 strithem
536 1689 619 1825 fu
636 1689 790 1827 utu

131 1782 337 1826 turae.e
395 1812 401 1824 .
468 1784 789 1829 ummur....

51 1848 186 1908 'Flamma
203 1847 318 1905 Violens
339 1847 462 1919 magister
482 1849 605 1924 equitum
622 1848 698 1908 fuisse
719 1849 789 1908 dici-

59 1940 109 1987 tur.
145 1927 251 1987 Bellum
265 1928 338 1984 enim
352 1928 382 1985 ei
395 1929 550 2006 tempestate
562 1948 626 1987 cum
635 1931 788 1991 Volsmien-

58 2008 130 2067 subus
149 2021 215 2079 erat,
238 2006 346 2064 Etrusci
365 2022 454 2079 gente.
480 2008 510 2065 id
526 2022 708 2086 opportunum
725 2011 788 2082 suit,

59 2089 92 2146 ad
110 2086 324 2146 exhauriendum
337 2087 470 2164 quidquid
487 2089 516 2144 in
533 2088 600 2145 urbe
615 2091 693 2147 novis
708 2090 789 2146 rebus

56 2186 187 2246 pronum,
204 2187 235 2225 ac
249 2167 389 2243 superioria
400 2166 539 2224 discordiae
552 2166 669 2224 nimidnr
682 2186 790 2225 mernor

57 2249 130 2308 esset.
167 2247 284 2306 Accedit
298 2248 381 2305 etiam
397 2264 468 2304 nora
486 2245 603 2304 bellandi
619 2265 683 2303 cum
698 2247 787 2309 Luca-

56 2330 96 2386 nie
117 2329 215 2386 causa:
244 2326 293 2405 qui
312 2327 464 2397 Thurinos,
494 2325 589 2398 Italia,
617 2325 788 2402 qui‘magna

59 2408 168 2467 Graecia
182 2407 229 2478 eii,
250 2407 398 2479 civitatem,
418 2425 568 2484 praegravea
583 2404 693 2479 accolae,
713 2405 785 2464 mulss

57 2490 89 2548 tie
99 2488 204 2564 injuriis
214 2485 249 2544 ad
259 2485 342 2544 sidem
352 2487 539 2544 Romanorum
551 2486 697 2558 confugere
708 2507 785 2546 corn-

56 2569 196 2646 prterunt:
218 2565 373 2643 bellumque
385 2567 510 2625 adversus
524 2568 650 2626 Lucanos
665 2568 699 2626 C.
709 2568 788 2626 AElio

56 2650 164 2707 tribuno
178 2645 266 2724 piebis
280 2660 390 2718 rogante
404 2647 518 2723 populus
532 2646 650 2705 sciverat.
687 2647 788 2704 Edutti

56 2728 137 2800 igitur
158 2725 307 2798 exercitus,
335 2731 361 2783 δι
382 2726 524 2801 utrobique
548 2745 589 2783 res
611 2726 688 2797 gestae
711 2725 786 2798 sunt5

190 2808 333 2876 memoria,
353 2824 418 2864 cum
437 2805 576 2861 auctorum
595 2807 643 2881 qui
662 2824 705 2862 eas
724 2810 785 2882 pe'r-

55 2887 210 2965 scripserunt
222 2886 371 2956 annalibus,
383 2883 473 2942 amissa
485 2884 531 2943 esi.
561 2883 680 2942 Thurini
691 2887 726 2945 C.
735 2887 787 2945 ΙΕ-

56 2966 92 3050 iio
109 2969 225 3055 statuam
241 2973 267 3053 dc
282 2985 410 3033 coronam
427 2984 532 3050 amcam
553 2963 627 3028 dono
645 2964 787 3029 dedenuh
