1956 3736
112 268 183 316 (1.0.

99 368 103 379 -
121 346 180 391 497·

112 401 179 447 ac.

44 486 55 509 a
120 475 177 524 Ἦ.

212 143 270 203 ¹94
362 123 787 200 JLFrerususnrt

206 275 236 313 re
252 253 486 324 Lacedaemonius‚
508 254 556 330 qui
574 255 667 330 patriae
680 253 839 332 disciplinae,
858 271 932 331 quam

206 337 316 394 edoilus
338 333 353 391 i
370 334 485 409 pueritia
503 335 667 393 excellenter
686 335 784 408 suerat,
805 336 881 393 usum
900 333 937 393 rei

205 416 327 475 militaris
339 414 412 471 haud
425 415 582 474 inferiorem
594 416 760 491 adjunxerat.
798 416 850 474 Ille
862 417 936 474 rebus

203 517 265 573 qua:
286 494 403 572 cousque
423 497 503 568 gestae
522 511 597 554 erant
615 497 767 568 intellectis,
789 503 814 555 δι
836 498 935 577 reliquo

202 578 365 634 Punicarum
389 579 539 654 copiarum,
568 578 787 655 elephantorum,
817 581 935 656 equitum

201 672 329 736 apparatu
346 659 468 730 cognito,
490 678 547 716 non
568 658 702 717 dubitavit
719 659 820 733 jaslare
839 660 934 737 pelam,

202 738 432 818 Carthaginienses
450 759 500 798 non
514 739 534 796 ἃ
550 739 683 811 Romanis,
697 741 750 814 sed
766 738 785 797 ἃ
798 739 936 816 semetipfit

200 824 282 878 vidos
303 820 360 896 effe,
385 835 434 897 per
458 821 741 897 impudicissimum,
768 825 816 896 qui
840 823 936 878 viribus

194 901 254 977 suis
268 906 309 960 uti
321 901 492 979 nesciviffent.
524 902 591 960 Hoc
604 901 727 961 sermone
740 901 867 961 celeriter
879 901 935 962 vul·

201 999 277 1056 gato,
304 999 416 1042 vocatus
436 982 450 1041 Ξ
471 983 664 1055 magistratibus
685 983 872 1061 Xanthippus,
897 1003 935 1042 ra·

163 1074 169 1083 ’
201 1066 290 1122 tiones
311 1064 446 1123 sententiae
466 1064 518 1122 suae
537 1065 640 1142 promit
661 1078 717 1121 tam
737 1064 891 1137 evidentes,
911 1076 935 1122 ut

199 1166 287 1223 prope
306 1147 430 1203 manibus
450 1146 609 1202 contreslari
629 1145 741 1221 possint:
763 1146 794 1201 in
808 1145 933 1204 faciundis

135 1272 138 1280 .
199 1226 350 1295 itineribus,
373 1227 402 1282 in
420 1227 508 1282 castris
528 1226 671 1302 ponendis,
693 1227 721 1282 in
740 1226 843 1302 praeliis
861 1246 934 1284 com·

200 1307 349 1376 mittendis,
371 1307 431 1364 loca
450 1305 556 1383 prorsus
576 1306 752 1364 incommoda
771 1307 857 1378 deligi
871 1325 932 1365 cona

199 1386 308 1444 suevisse
327 1387 418 1447 docet.
435 1387 460 1444 -sr
478 1387 555 1444 suum
577 1387 719 1445 consilium
740 1388 863 1460 audiant,
881 1404 933 1445 non

198 1466 416 1527 incolumitatem
434 1466 530 1539 modi,
552 1468 596 1526 sed
615 1468 696 1526 etiam
711 1469 855 1528 vistoriam
873 1489 931 1547 pro·

198 1550 293 1609 mittit.
336 1548 454 1608 Probant
473 1549 541 1607 hanc
564 1549 721 1609 sententiam
742 1570 830 1627 quum
855 1548 931 1608 ceteri

198 1630 315 1690 civitatis
334 1632 480 1709 principes,
502 1645 561 1689 tum
575 1631 624 1708 ipsr
644 1630 744 1688 duces:
767 1627 930 1689 &laudabili

198 1712 329 1771 modestis
344 1713 438 1790 patriae
451 1712 526 1770 saluti
538 1713 611 1790 suam
626 1711 852 1771 existimationem
866 1711 928 1791 poll·

199 1793 340 1864 habentes,
361 1793 468 1850 homini
488 1793 631 1868 peregrino
650 1791 831 1851 deserendum
850 1796 928 1871 impe·

197 1872 271 1928 rium
283 1873 417 1929 exercitius
430 1873 468 1930 sui
480 1873 649 1931 consentiunt
663 1874 889 1952 consciscuntqne.
918 1894 921 1923 :

239 1953 357 2010 XXIII.
378 1953 551 2030 Xanthippus
570 1954 679 2031 accepti
696 1955 826 2031 potestate
845 1954 927 2034 quoti·

198 2032 244 2091 die
258 2033 358 2093 milites
369 2053 405 2091 ex
416 2034 483 2092 urbe
500 2033 629 2107 educens,
650 2037 843 2112 campestribus
859 2054 927 2096 exer·

198 2116 270 2173 citiis
288 2115 323 2173 ad
341 2114 482 2173 servandos
502 2115 725 2194 permutandosve
740 2117 863 2191 ordines,
883 2117 925 2176 du·

197 2217 317 2276 cumque
327 2195 394 2272 jussa
404 2197 527 2255 celeriter
539 2198 706 2276 exsequenda
718 2198 868 2258 assuefacit:
885 2216 925 2256 co-

198 2281 255 2354 pias
276 2279 344 2335 hanc
365 2277 530 2354 disciplinam
550 2298 614 2335 cum
636 2279 730 2354 priore
748 2294 924 2359 comparantes

197 2358 375 2416 admiratione
389 2358 438 2429 sui,
460 2358 610 2436 fiduciique
622 2357 744 2417 melioris
759 2362 861 2420 deinde
875 2361 923 2420 suc·

196 2438 281 2496 cessis
299 2436 412 2515 implet:
434 2453 489 2496 tota
507 2440 600 2496 civitas
615 2456 732 2498 recreata
746 2462 782 2501 ex
795 2442 875 2502 rebus
889 2442 922 2499 se-

197 2518 227 2576 re
242 2519 383 2595 desperatis
405 2519 440 2576 ad
460 2520 684 2595 exspesiationem
704 2521 793 2582 futuri
811 2523 920 2596 erigitur.

196 2599 280 2659 Hanc
293 2601 456 2657 alacritatem
474 2601 598 2658 omnium
617 2601 664 2658 ubi
678 2601 764 2661 duces
778 2606 881 2674 vident,
899 2621 920 2658 a·

195 2683 272 2738 nimo
294 2685 320 2738 is
339 2680 388 2758 ipss
409 2696 518 2758 recepto
538 2683 566 2738 in
586 2682 690 2739 hostem
711 2683 815 2744 iterum
835 2685 920 2743 ducere

195 2763 379 2820 constituunt:
401 2762 511 2839 suosque
528 2765 568 2820 uti
587 2777 693 2839 tempus
715 2763 918 2839 postulabatad·

194 2844 390 2914 hostaticum
411 2841 558 2900 duodecim
579 2842 635 2901 fere
653 2843 775 2904 millibus
796 2848 916 2925 peditum,

195 2937 310 2995 quatuor
322 2923 456 2999 equitum,
476 2924 664 3000 &elephantis
681 2943 738 2982 non
755 2930 846 2988 multo
864 2944 915 3005 pau·
968 2964 970 2993 ÷

193 3001 435 3065 cioribus.centum
449 3003 577 3066 adversis
591 3006 733 3068 Romanos
747 3009 914 3088 progrediu·
961 3066 964 3075 .
