1956 3736
198 149 389 208 Surenam.
412 134 524 205 Lxx.
546 141 705 204 Lrvrnn
763 164 816 224 27¹

82 291 149 351 quse
162 271 236 332 haud
251 271 379 344 ambigui:
393 271 523 332 Gallici
511 272 580 348 Juris
598 272 690 343 essent,
710 270 759 330 fibi
777 293 820 333 re·
831 285 863 335 ιι.
875 289 903 336 c.

84 355 270 413 stituerentur.
287 353 317 410 ni
335 353 421 423 fieret,
441 352 544 412 bellum
562 368 640 412 atrox
659 351 710 409 δι’
702 369 822 413 interne·
840 350 899 407 5¹⁶·

85 433 182 491 eivum
196 433 374 493 minabantur.
402 395 542 504 Consules,
557 454 603 512 qur
595 432 742 491 nondum
755 453 822 493 con·
831 415 904 528 Δΐ

84 513 177 570 tradis
199 514 302 592 copiis,
327 532 416 591 neque
440 513 510 570 casui
530 514 690 590 paucitatem
711 512 822 576 suorum
839 491 870 542 ⁵
906 565 918 582 .

84 593 206 668 objicere
230 594 382 665 audebant,
411 613 499 671 neque
526 594 654 670 postulata
673 593 820 656 Gallorum
862 613 864 617 ⁴

83 673 235 734 concedere
250 689 385 752 poterant,
405 673 505 750 srqnid
522 673 631 746 vellent,
651 674 687 731 ad
701 675 820 735 senatum

82 754 233 813 mittendos
245 755 295 813 esse
308 755 410 826 legatos
421 754 624 831 responderunt.
640 755 741 830 placuit
754 774 820 822 conf

83 832 155 891 ditio
172 835 272 906 Gallia,
293 840 329 906 sa,
350 834 418 892 durn
439 835 479 891 ire
498 854 530 892 ac
550 834 639 892 redire
658 833 738 906 legati
760 837 822 912 pos·

82 913 152 986 sent,
172 916 309 993 utrimque
324 914 431 972 dierum
445 914 549 991 aliquot
559 913 680 971 induciae
693 916 821 975 constitu-

83 1009 128 1051 tae.
165 995 201 1054 Et
220 995 302 1067 legati
321 994 433 1072 quidem
448 995 570 1052 Romam
590 993 706 1070 profesti
723 995 821 1054 adver·

82 1074 141 1132 sum
154 1072 170 1132 d
185 1075 275 1134 senatu
293 1075 447 1151 responsum
465 1094 611 1152 accepere:
633 1073 711 1131 simul
732 1076 819 1151 majo·

80 1175 126 1214 tea
143 1170 237 1214 contra
252 1156 327 1213 hunc
341 1155 490 1213 tumultum
502 1169 643 1232 apparatus
654 1153 728 1226 faui,
748 1176 819 1233 quo·

83 1254 146 1290 rum
171 1236 231 1294 usus
252 1235 343 1312 postea
364 1234 510 1306 nonfuit,
537 1255 625 1312 quum
648 1233 819 1296 formidabile

84 1312 187 1448 biliam
212 1316 266 1373 sme
291 1316 418 1373 Romano
441 1315 568 1387 sanguine
592 1317 700 1374 fortuna
724 1316 817 1375 conse·

83 1412 100 1448 c
131 1407 166 1450 et.

124 1473 162 1532 X.
173 1474 252 1532 Dum
264 1474 339 1531 enim
351 1473 433 1545 legati
443 1475 568 1546 redeunt,
577 1476 708 1534 Boiicurn
716 1477 816 1538 Trans·

85 1551 181 1628 alpinis
203 1554 308 1611 auxiliis
329 1554 386 1611 acie
411 1554 574 1613 dimicavere
598 1556 640 1613 hia
662 1555 698 1612 de
723 1558 816 1617 causis.

84 1632 183 1703 Ignara
209 1633 289 1710 plebe
314 1634 445 1690 Boiorum
469 1634 660 1710 Transalpinus
685 1635 818 1694 exercitus

84 1712 243 1772 Ariminum
263 1713 431 1790 processerat.
468 1714 538 1771 Inde
559 1713 718 1790 suspiciones
739 1730 816 1790 ortae,

82 1813 117 1851 ne
133 1793 167 1851 ad
182 1795 322 1866 regionem
338 1794 413 1852 istam
427 1793 476 1852 srbi
491 1794 658 1854 retinendam
672 1795 814 1856 venissent:
806 1839 825 1858 ..

81 1889 242 2013 sissi
254 1875 842 2028 331”.l²‘⁰l.‘l.l‘ll⁰‘⁰.iln2²lll''

337 1979 354 2015 o
591 1979 605 2016 r

81 2026 211 2105 assessis,
231 2034 394 2093 advenarum
414 1979 504 2112 ciipias
523 1979 590 2107 agri
609 2039 656 2096 suo
678 2038 814 2114 depellere

80 2114 110 2171 vi
123 2127 293 2172 conarentur.
330 2117 372 2172 Ita
389 2116 485 2206 magnai
504 2115 580 2172 caede
600 2132 766 2192 pugnatum:
788 2123 823 2176 δι’

47 2238 48 2242 ,
81 2193 188 2252 valde
180 2194 332 2253 numinutis
352 2194 489 2270 utrimque
510 2192 623 2266 viribus,
645 2194 815 2272 Transalpini

79 2274 178 2334 domos
193 2275 306 2333 rediere.
342 2274 417 2331 Boiis
433 2274 559 2350 adempta
572 2294 633 2352 pars
648 2275 705 2346 agri
718 2295 814 2351 pacem

79 2353 240 2414 {Romania
253 2354 339 2414 dedit.
372 2355 438 2412 Hoc
453 2352 526 2412 bello
540 2369 596 2412 tarn
611 2356 732 2413 celeriter
746 2375 816 2414 con·

79 2436 161 2508 seslo,
173 2437 295 2494 eonsules
309 2434 488 2506 iuLiguriam
498 2433 615 2515 abivere.
638 2436 682 2493 Ibi
698 2437 817 2495 P.Len··

79 2517 151 2574 tulus
165 2517 312 2592 profligatis
325 2517 373 2594 qui
386 2529 556 2573 occurrerant
568 2516 698 2587 hostibus,
719 2516 755 2575 de
767 2537 812 2577 ce·

79 2609 139 2652 tero
156 2615 204 2672 per
217 2596 324 2655 illorum
339 2595 479 2667 regionem
492 2597 640 2655 exercitum
655 2597 810 2657 circumdu-

78 2694 154 2746 cens,
174 2676 277 2735 castella
290 2677 416 2756 quasdam
434 2678 527 2749 armis,
547 2677 598 2735 alia
615 2677 754 2737 deditione
768 2699 812 2737 re·

79 2754 162 2831 cepit.

126 2835 181 2894 XI.
208 2834 244 2894 C.
258 2836 408 2895 Licinius
399 2857 428 2894 ιιι
448 2836 586 2895 Corsrcam
605 2839 809 2914 transjesiurus,

80 2935 166 2994 quum
190 2914 225 2974 ad
244 2916 396 2976 universum
423 2919 572 2976 exercitum
591 2917 643 2975 uni
665 2919 810 2998 deportan-

78 2996 147 3061 ιω
169 2997 277 3077 naviga
299 2996 432 3089 aaut,
457 2999 503 3062 ιι.
520 2997 667 3060 caunum
686 2999 809 3085 oneum
