1956 3736
159 121 350 183 Soractia.
373 119 510 182 LXVI.
533 121 691 201 Ltvrnrt.
737 127 796 205 139'

56 247 144 327 pestaa
168 256 265 324 prater
288 243 397 305 solitum
417 245 630 324 exasperaverat,
659 248 891 326 repulsua,u‚(‹‚=-

58 328 157 391 autiffia
175 327 278 405 aliquot
292 324 457 399 triremibus,
478 329 574 386 ceteris
589 349 660 401 aegre
678 331 796 402 servatis,
813 329 890 397 4⁸⁸?

57 409 88 469 in
101 415 225 487 portum,
245 404 319 464 unde
332 407 444 477 exierat,
465 408 555 467 rediit.
589 410 691 488 Neque
705 408 833 471 dener-A·
844 410 875 454 C·

59 491 128 551 ritus
143 491 197 548 hoc
211 487 402 560 incommodo,
424 502 454 544 ut
471 489 579 548 meliori
598 491 648 549 alit
665 505 796 569 opportu·
817 469 880 535 ²⁶4⁴

59 572 145 630 nitate
159 571 297 628 fortunam
311 569 410 626 iterum
423 571 540 646 experiri
552 571 646 646 posset,
661 591 743 631 navet
755 592 800 634 rea

59 651 183 713 ficiebat:
199 669 285 728 quum
299 649 333 706 ab
344 648 482 708 Hannone
500 650 532 722 (is
544 651 713 714 Mamertino
727 672 798 730 prae.

58 731 129 792 fidio
149 730 267 808 fretique
285 729 412 790 custodiae
431 734 555 806 praeerat)
577 745 709 795 venerunt
726 753 799 797 nunt

58 812 108 884 cii,
135 809 270 888 quidquid
291 811 444 868 triremium
462 811 642 871 hominumve
663 813 799 891 superiore

59 892 209 953 cernmine
225 891 302 950 Poeni
315 903 453 968 ceperant,
472 891 647 953 adducentes.
677 894 800 971 Cupiens

59 974 136 1033 enim
162 970 299 1031 soederum
326 986 471 1049 ruptorum
498 973 638 1031 infamiam
664 973 799 1034 Romania

60 1054 225 1133 impingere,
246 1051 387 1111 consilium
407 1053 461 1110 hoc
480 1053 619 1129 amplexus
642 1070 698 1113 erat
718 1055 799 1113 Han·

60 1154 115 1206 no,
142 1133 300 1213 questusque
325 1132 425 1209 poffeffi
447 1134 711 1205 Carthaginiensibus
737 1135 802 1201 freti

61 1214 183 1293 pervim
198 1227 327 1273 tentatam
346 1214 546 1286 navigationem
566 1215 628 1288 eise,
649 1216 685 1274 ad
704 1234 801 1295 pacem

61 1300 90 1354 ἅ
104 1293 207 1354 foedera
223 1293 321 1370 majori
334 1293 463 1372 deinceps
476 1295 540 1354 curi
554 1296 680 1362 servanda
698 1316 800 1375 provof

59 1375 150 1436 cahat.
182 1374 228 1434 sed
248 1374 353 1444 audito,
375 1376 522 1433 Claudium
548 1377 634 1436 nullas
662 1378 800 1436 conditio·

59 1476 111 1516 nes
130 1454 285 1528 admittere,
306 1448 493 1514 nifi'Meffant
512 1457 665 1532 praesidium
682 1458 801 1527 deduce,-

61 1551 148 1608 retur,
168 1535 284 1614 fretique
304 1535 490 1610 trajellionem
509 1538 609 1595 iterum
628 1538 730 1609 moliri,
752 1558 802 1615 εις

61 1617 202 1688 clamavit,
215 1617 247 1692 se
265 1614 326 1674 veri
347 1634 396 1673 aon
414 1615 461 1690 effe
477 1617 621 1691 psalmarum,
642 1630 671 1675 ιι
690 1619 803 1684 Romani

63 1699 212 1758 ortmann
227 1700 256 1754 in
268 1699 314 1773 isto
328 1699 400 1754 mari
413 1695 557 1757 abluerent.

104 1778 239 1838 XXVII.
254 1777 356 1855 Neque
370 1792 461 1834 tamen
472 1776 616 1854 prohibere
629 1780 728 1856 potuit,
737 1780 804 1857 quin

61 1858 198 1920 Claudius
212 1857 349 1916 observant
363 1857 425 1915 freti
438 1858 542 1929 naturi,
558 1872 719 1938 captatoque
732 1875 803 1921 tem·

63 1960 132 2020 pore
147 1958 233 2017 quum
245 1936 380 1996 refluxum
395 1940 453 2014 ejus
468 1940 550 1997 etiam
564 1957 639 1999 ortua
654 1941 804 2003 commode
905 1989 913 1998 .

63 2035 163 2081 ventur
177 2019 325 2095 adjuvaret,
346 2019 499 2096 priusquam
517 2022 623 2078 occurri
642 2023 737 2097 posset,
759 2023 803 2080 Si-

63 2102 156 2162 cil'nm
170 2113 283 2160 teneret.
314 2099 359 2157 Ibi
373 2099 605 2157 Mamertinorum
619 2100 649 2157 iu
663 2116 744 2177 portu
758 2121 803 2164 rer

63 2195 204 2262 pertorum
219 2178 310 2251 coaiii
323 2181 466 2249 concione,
487 2178 621 2255 persuasit,
642 2195 672 2237 ut
684 2181 804 2249 Hanno,-

63 2283 131 2322 nem
143 2261 327 2332 advocarent,
348 2273 476 2338 tanquam
495 2259 531 2317 de
550 2260 672 2337 praesenti
691 2261 804 2332 negotio

57 2364 131 2404 ,eum
151 2364 185 2401 eo
204 2341 386 2401 deliberaturi.
429 2341 533 2399 Hanno
555 2340 628 2398 enim
651 2341 804 2418 oppidano.-

63 2445 129 2483 rum
148 2421 315 2481 discordibus
333 2420 430 2487 animia
448 2441 545 2498 parum
567 2420 692 2493 confisus,
712 2442 804 2483 arcem

63 2524 131 2564 cum
148 2503 201 2562 suia
214 2516 410 2581 occupaverat:
431 2522 520 2580 neque
535 2504 662 2562 concioni
677 2504 802 2565 Mamer.-

64 2586 189 2644 tinorum
207 2583 233 2642 se
252 2582 367 2643 audebat
385 2582 504 2651 credere.
526 2597 618 2642 tamen
634 2585 746 2657 veritus,
766 2604 805 2649 ne

62 2665 120 2727 boc
139 2663 227 2742 ipsum
247 2664 370 2742 querelas
389 2682 483 2722 eorum
501 2664 670 2734 accenderet,
691 2665 711 2722 st
730 2664 805 2723 diffi-

64 2745 131 2804 dere
145 2743 292 2816 videretur,
310 2749 336 2803 &
350 2764 398 2820 per
412 2744 486 2801 suam
500 2743 644 2801 absentiam
658 2743 684 2799 se
699 2744 804 2801 Roma-

64 2827 108 2884 nis
128 2825 250 2903 protinus
269 2823 458 2900 adjungerent,
479 2824 508 2879 in
526 2824 698 2900 colloquium
717 2824 804 2884 venit.

65 2925 124 2982 quo
139 2925 187 2982 per
201 2904 406 2982 disteptationes
420 2909 445 2961 δι
456 2904 547 2979 jurgia
559 2903 607 2960 diu
619 2905 749 2978 extracto,
770 2905 806 2964 ad

66 2985 198 3046 ultimum
221 2985 326 3078 injectae
350 2983 524 3070 &Romanis
550 2985 683 3047 Hauuoui
708 3006 805 3070 manua
874 3026 878 3033 -
