1956 3736
208 169 249 233 60
324 194 327 201 ·
361 169 387 248 J.
424 144 787 229 initiatam

117 316 150 366 tt.
162 319 189 364 c.
207 319 285 379 quaen
301 303 384 374 igitur
394 298 481 376 justos
501 293 537 354 fii
555 295 657 353 decoros
676 313 711 353 eoe
728 295 858 353 manubiis
876 307 939 372 opes,

126 392 185 440 47²·
210 400 270 458 quae
284 384 313 435 in
327 389 446 454 promptu
462 389 549 447 nont,
570 376 720 451 effpnnasus
730 375 804 449 suen,
824 373 872 448 ξεῖ,
892 393 950 434 ω·

115 447 186 553 ⁸¹3⁹·
209 460 289 535 eonplo
310 457 412 514 Valerii
437 456 578 514 Publicola
602 454 789 531 multorumque
814 455 951 525 aliorunt‚·

129 519 146 552 ²
162 521 185 555 ⁰⁸
209 543 255 615 qui
274 557 328 594 teta
344 538 484 594 Rotnandon
503 535 571 592 lune
591 540 619 592 in
632 535 939 611 statuen'pr'oduxerunt,

203 614 316 693 glorion'o
332 619 448 691 pecuniis
471 613 600 691 anteposui
611 639 620 682 ς
648 633 715 671 nunc
739 613 759 670 d
782 627 810 672 te
832 632 939 673 anunm

206 695 316 773 lapion,
338 694 480 772 contempti
489 691 669 770 pulcherrimi
682 693 822 770 ditescendi
834 695 947 771 occepit-¹

205 797 248 846 ne,
264 777 370 853 pudoris
382 789 459 852 atque
470 772 581 851 periculi
591 772 694 849 plenam
707 773 868 849 amplexus?
902 776 937 831 Et

204 856 393 933 illan'quideen
413 856 565 931 opulentiam
584 853 693 929 honestos
704 852 835 932 justosque
853 855 892 912 od
905 873 943 911 u·-

197 938 247 1014 sus
261 937 400 1013 expendere
419 933 551 993 liberrimi
564 930 600 993 &l
614 952 670 991 tunt
685 933 817 1008 uoluptate
830 934 935 1012 quadan

202 1017 352 1094 potuiffeen:
373 1035 440 1074 nunc
459 1014 522 1073 ueri
541 1032 575 1070 ne
593 1012 670 1092 hujus
688 1013 788 1089 quiden
806 1014 868 1072 boni
883 1015 933 1073 ullo

201 1100 301 1179 futura
322 1097 380 1174 aſjit
401 1100 479 1171 eopia.
522 1094 639 1152 Credita
659 1097 727 1151 anion
751 1091 843 1151 ueritis
862 1093 933 1172 quin

207 1179 310 1235 donotae
329 1179 448 1253 pecunia
468 1172 596 1250 censenda
609 1173 686 1250 sunt,
711 1191 771 1248 qun
790 1174 875 1232 alieno
894 1177 932 1232 ba-

207 1259 296 1333 aeficia
319 1257 488 1325 obvenerunt,
518 1258 649 1328 animoque
669 1257 778 1327 ingenuo
801 1250 838 1312 {5
857 1260 937 1313 eredo

201 1354 298 1410 graneo
315 1335 473 1405 ineunbunt,
494 1334 569 1391 donec
588 1334 692 1409 restitui
705 1345 799 1409 queant
808 1357 818 1401 3
839 1337 933 1413 natjan

200 1428 250 1493 per
268 1415 381 1491 hospitii,
402 1412 449 1471 uel
461 1417 599 1484 amicitia,
619 1413 667 1471 uel
678 1412 864 1473 benevolentia
876 1412 939 1492 spa-¹

204 1499 269 1555 aient
282 1497 354 1554 dutae
366 1507 524 1572 acceptaque
532 1492 652 1570 fuerint.
741 1520 744 1527 ⁴

247 1577 345 1637 XXV.
371 1576 439 1650 Joon
465 1572 543 1647 ueri,
567 1574 768 1651 quidsuturunt
793 1573 891 1653 censes,
910 1573 941 1652 β

206 1655 318 1735 tenuati
333 1655 418 1733 famei
439 1655 536 1738 (neque
558 1658 625 1713 anion
645 1654 726 1712 celari
739 1657 860 1734 poterit)
881 1675 933 1714 one·

200 1742 338 1814 gistratus,
359 1741 404 1812 qui
421 1755 518 1794 norun
535 1736 604 1812 opud
618 1755 660 1793 nos
673 1735 865 1812 ptaefetturoon
879 1757 932 1796 aon·

200 1819 311 1896 ploffiona
329 1835 385 1874 ouon
399 1816 523 1890 potestate
540 1814 671 1886 exertant,
692 1833 751 1890 quos
764 1815 939 1893 censoteo·op··

200 1896 338 1974 pellamus,·
351 1909 400 1970 pro
411 1899 477 1972 jure
487 1894 547 1968 suo,
568 1898 664 1970 quoin
684 1897 781 1952 ciuium
801 1898 873 1954 nitas
891 1901 933 1956 in·

203 1979 317 2052 quirem
338 1971 373 2032 [l
392 1973 411 2032 ἃ
427 1977 525 2050 patriis
548 1975 675 2050 institutis
697 1973 850 2050 discedentes
864 1977 940 2036 niul-²

204 2062 276 2114 tiara
298 2051 490 2131 consueuerant,
518 2073 558 2112 ona
576 2054 676 2132 publici
698 2059 810 2114 citatuon
834 2057 933 2135 cousin

124 2186 127 2193 ,
204 2149 335 2213 captorum
361 2149 493 2200 munerum
521 2136 606 2193 diee'rn
622 2132 777 2215 jufforint?
817 2138 939 2198 Addunt·

204 2217 325 2295 plerique
345 2214 360 2274 Ξ
378 2215 493 2294 Pyrrhe,
513 2216 603 2274 virum
621 2215 727 2274 virtutis
748 2229 831 2276 tnntae
849 2228 933 2298 q'uan·
960 2281 962 2286 .

203 2297 266 2359 nivis
285 2297 352 2355 bene
371 2296 427 2355 emi
447 2311 533 2368 certo,
554 2294 640 2354 acriits
659 2297 855 2357 continentiam
876 2302 933 2376 ejus

201 2378 429 2454 constantiamque
448 2388 577 2435 tentatum
597 2376 659 2449 effe,
679 2377 739 2454 post
756 2377 808 2436 alia
826 2381 930 2452 magni·

201 2456 251 2514 fica
267 2457 403 2532 promissa,
424 2457 506 2514 etiam
525 2469 601 2534 pnite
621 2458 698 2530 regni
717 2457 823 2518 oblati:
844 2480 937 2538 neque·

201 2549 309 2592 motum
323 2537 374 2593 effe
387 2535 555 2610 Romanum,
576 2536 624 2595 nist
634 2537 773 2610 haetenus,
792 2552 826 2597 ut
828 2539 862 2616 se
872 2559 931 2599 con·

193 2614 254 2691 filii
274 2612 342 2689 regii
361 2618 487 2674 nationaon
508 2617 629 2692 expedire
649 2631 768 2689 negaret.
812 2621 844 2677 Si
863 2626 931 2680 enin

200 2695 296 2754 malunt
308 2712 348 2752 one
361 2698 448 2754 uirum
453 2695 569 2775 judicas,
590 2697 687 2776 inquit,
708 2716 757 2755 our
769 2699 875 2761 uendit?
886 2699 935 2780 fin

201 2773 384 2852 viridunum,
405 2795 452 2835 cuo
474 2780 638 2853 corrumpis?
672 2777 810 2854 Adjecitte
831 2780 930 2842 deinde

200 2855 311 2928 dicitur3
331 2861 410 2914 etiam
422 2853 471 2932 ipſs
481 2854 585 2931 Ppr'rbo
596 2861 723 2932 negotium
737 2857 784 2918 boe
792 2864 926 2940 nequejn

199 2936 308 2992 cundum
318 2935 457 3010 fututum,
478 2955 556 3012 neque
576 2937 739 3008 conducibile,
755 2939 925 3016 stpeoeeffls·

189 3011 245 3089 set.
265 3014 344 3090 stenen
363 3010 593 3101 minitantia
612 3013 758 3080 &unicis
777 3024 872 3098 regiis,
890 3016 928 3080 to·
