1956 3736
210 187 266 228 ιιι
358 167 785 246 inmusulum

110 290 143 353 u.
155 310 182 354 C·
205 322 279 369 trum
292 306 424 367 tribunitii
439 307 571 366 clamores
585 306 665 384 spreti
679 307 750 380 sum,
765 305 925 384 lirpplieium·

110 372 183 484 ᾖ·
205 411 259 483 que
278 387 654 483 deunocentibussumptum.
697 388 747 446 Ne
761 403 852 482 tamen
865 385 925 478 inqi-

119 512 179 564 ²7¹·
203 470 247 526 dur
261 469 323 526 fatu
337 481 393 525 tum
412 467 512 539 acerbi,
533 467 670 547 plebtsque
687 469 814 526 mttlima
832 483 927 540 granos

202 549 283 621 soret,
303 547 324 605 li
340 561 412 606 tanta
426 549 570 606 bominum
585 547 733 606 multitudo
751 549 851 607 eodem
864 561 927 606 teut-

200 649 270 707 pore
284 629 495 696 interficeretum
510 628 618 700 singulis
633 628 729 686 diebus
744 629 928 706 quinquaginu

200 709 356 780 ductisunt,
371 729 441 788 quos
454 709 536 781 virgis
549 709 631 766 caefos
644 709 729 766 securi
743 710 927 784 permiserunt.

202 789 315 850 Senatus
332 792 414 849 etiam
432 809 547 866 corpora
559 788 673 866 sepeliti,
692 803 870 867 mortemque
885 807 928 845 en·

200 871 326 950 jusquam
347 889 444 930 eorum
465 871 552 942 lugeri
572 869 667 927 vetuit.
712 868 819 927 Decius
842 866 929 946 Jubel·

200 952 264 1022 lius,
285 953 333 1046 qui
350 951 385 1010 td
404 972 465 1010 eam
482 950 563 1028 usque
582 949 656 1006 diem
676 949 765 1006 oculis
778 949 832 1008 suit
846 949 928 1026 lupet-

202 1033 375 1092 stes-vutertt
393 1047 424 1091 ιιι
445 1032 547 1106 majore
570 1049 635 1088 curn
656 1028 752 1087 dolore
772 1043 927 1098 moreretur,

200 1114 231 1170 in
251 1131 358 1172 carcere
378 1131 471 1172 nunus
492 1109 541 1168 fibi
560 1110 658 1168 attulit.
701 1108 796 1167 Plures
815 1111 928 1169 aunone

199 1193 337 1271 sequutus,
348 1193 484 1264 legionem
499 1205 596 1261 totum,
610 1188 755 1247 hominum
767 1191 857 1248 millia
868 1207 927 1268 qut·

198 1287 272 1344 tuor,
294 1274 393 1331 Romae
405 1272 434 1328 in
448 1271 509 1329 foro
523 1271 607 1329 securi
620 1269 738 1347 perculsu
753 1271 846 1329 retuli.
882 1266 928 1328 Sed

198 1353 288 1410 verius
307 1365 374 1428 puto
389 1349 464 1430 quod
483 1349 498 1408 i
514 1350 629 1427 Polybio
648 1350 773 1422 traditur,
795 1369 832 1408 ex
846 1370 876 1409 et
893 1351 927 1407 le-

197 1433 280 1502 gione
294 1433 370 1489 vivot
386 1430 414 1488 in
428 1431 585 1508 potestatem
599 1429 698 1488 venille
712 1430 866 1490 admodum
880 1448 926 1489 tre·

200 1528 309 1572 centos:
331 1512 466 1590 reliquum
480 1530 635 1581 numerum,
657 1510 723 1567 dum
739 1511 806 1569 urbs
819 1513 926 1590 capitur,

197 1591 324 1652 ferociter
342 1590 517 1672 repugnando
534 1591 604 1649 caedi
620 1590 758 1659 maluille3
780 1612 839 1650 non
859 1595 925 1664 igno·

198 1675 236 1733 tis
252 1673 389 1744 omnibus,
409 1675 467 1749 post
486 1671 656 1732 delicturum
676 1673 800 1730 enormia
818 1673 887 1731 nihil
899 1685 927 1730 ex

198 1753 339 1814 deditione
363 1751 448 1823 aliud,
473 1749 556 1829 quim
575 1751 665 1830 plures
687 1752 834 1824 eruciatus,
860 1772 925 1814 mot·

198 1846 310 1908 temque
322 1832 446 1904 graviore
457 1851 522 1890 cum
534 1832 682 1902 ignominia
696 1834 872 1910 conjuudinm
885 1851 925 1893 eu·

197 1911 308 1987 spectari
325 1912 408 1989 polle.
443 1911 520 1969 Urbs
536 1912 661 1983 Rhegina
675 1913 813 1989 prioribus
826 1914 925 1984 incolit,

197 1990 274 2068 quod
288 2009 383 2049 eorum
397 1989 510 2068 usquam
524 1993 636 2069 reperiri
654 1993 837 2072 conquirique
855 2008 925 2073 pote·

198 2087 249 2142 rat,
270 2091 334 2129 eum
356 2071 478 2130 libertate
498 2071 653 2149 legibusque
672 2075 735 2144 suis,
756 2073 865 2133 redditu
884 2074 924 2134 tll.

199 2152 266 2215 Hoc
277 2152 385 2227 justitiae
399 2150 515 2230 fideique
531 2152 727 2210 documentum
742 2153 879 2214 Romanae
891 2155 925 2213 ci·

197 2233 287 2290 vitatis
301 2232 524 2292 existimationem
538 2231 646 2303 largiter
658 2232 751 2291 aunit:
774 2254 864 2313 neque
878 2235 925 2295 ni-

196 2331 249 2370 nus
268 2313 367 2372 amotis
385 2332 419 2371 eo
438 2312 520 2384 fado,
541 2311 624 2390 quim
642 2333 691 2390 pet
710 2333 786 2372 arma
800 2315 888 2375 metit
901 2335 925 2374 a·

197 2392 255 2469 pud
270 2393 380 2451 Italicos
394 2393 500 2451 viciuos
514 2412 549 2450 ue
561 2394 677 2470 populos
691 2394 844 2471 quaefitum.

104 2488 177 2536 mc.
243 2472 301 2531 IV.
325 2474 360 2530 C.
381 2472 479 2531 deinde
530 2474 629 2544 euucii,
651 2474 703 2530 Cn.
719 2475 845 2535 Cornelii·
862 2495 925 2534 cou·

114 2549 173 2614 4⁸²·
197 2550 294 2612 sulatus
313 2552 415 2610 bellum
434 2573 498 2612 cum
512 2551 685 2612 Sarsinatibus
704 2553 813 2617 habuit.
854 2556 926 2620 Um·

105 2619 174 2728 ’ἓξ
195 2631 309 2690 brorum
327 2652 358 2690 ea
378 2652 444 2704 gens
461 2635 639 2711 Apenninum
659 2633 851 2710 incolentium,
871 2637 926 2717 qui·

131 2692 146 2742 ⁷
166 2714 173 2729 '
198 2714 248 2772 bus
261 2713 343 2773 causis
354 2713 382 2770 in
396 2733 469 2771 arma
481 2714 564 2774 fuerit
576 2714 645 2787 eeu,
655 2714 763 2793 quique
776 2717 823 2794 spe
836 2716 925 2778 lormi-

197 2795 280 2853 dabili
297 2796 354 2871 jam
369 2795 559 2854 Romanorum
578 2795 706 2872 potentiae
723 2796 750 2854 se
765 2798 924 2876 opposuerit,

196 2874 334 2934 silentibus
348 2874 506 2952 scriptorum
519 2875 650 2951 reliquiis,
669 2874 793 2935 divinare
808 2899 868 2940 non
878 2896 923 2956 po·

196 2956 246 3009 tui.
281 2956 384 3014 Totius
404 2953 488 3012 etiam
510 2955 573 3013 belli
591 2955 670 3013 series
689 2957 799 3034 penitus
821 2956 923 3018 interei-

196 3029 249 3104 dit,
260 3034 382 3113 nihilque
394 3035 428 3094 ad
440 3053 491 3096 uos
503 3054 538 3096 en
549 3035 633 3097 veteri
646 3054 738 3099 rerum
748 3038 922 3104 ilturummt·
