1956 3736
183 116 370 185 Surrrrtu.
392 115 498 184 LXI.
520 119 679 180 Lrvmrr.
760 137 799 199 17
856 203 857 210 ἵ

67 246 101 305 ob
112 247 294 306 calamitatem
304 247 478 306 domesticam
489 246 524 305 ad
538 266 575 304 aes
588 246 706 305 alienum
717 266 794 305 com·
784 268 836 315 -υ
847 269 879 320 ς

64 327 154 466 publius
171 327 300 386 solvendo
318 348 374 386 non
393 328 495 399 efl'et,
486 349 517 386 m
533 348 635 387 nexum
651 327 676 386 se
690 327 796 385 dedidit
814 332 872 394 465.

92 408 176 480 bens,
205 409 350 486 omniaque
373 374 475 466 servilia
496 410 639 467 ministeria
663 402 831 486 patienterA
826 398 872 446 α·

63 453 225 566 exsequitur
245 489 292 548 est
336 488 437 546 Plotius
457 489 684 548 adolescentulum
704 489 794 549 formis
812 459 873 524 ²⁸7⁹

62 568 177 639 liberali,
198 589 233 627 ex
250 588 347 638 magna
360 569 405 646 spe
421 569 563 626 consularis
577 569 687 627 familiae
700 569 757 627 ad
748 589 792 627 111-

61 649 134 707 fimae
155 649 273 709 fortunae
292 648 383 706 sordes
401 649 547 726 deprelliffe
563 669 620 707 non
637 663 795 722 contentus,

61 730 143 787 etiam
157 729 318 806 pudicitiam
333 743 491 806 extorquere
504 730 624 802 instituit,
639 732 684 788 cui
695 732 753 806 jam
766 735 793 788 8:

61 831 120 868 rem
134 809 296 867 familiarem
308 829 430 880 omnem,
445 815 470 867 &
482 810 632 868 libertatem
645 809 728 887 ipsam
739 810 792 872 eri·

60 902 166 966 puerat.
195 889 306 948 Deinde
316 890 464 947 Veturium
473 890 666 967 aspernantem,
677 896 704 950 &,
713 889 792 966 quid·

59 970 101 1026 uis
115 969 208 1046 potiits
222 969 304 1046 quim
318 984 424 1028 tantum
439 969 571 1039 flagitium
586 971 642 1046 pati
658 985 795 1046 paratum,

59 1050 219 1112 verberibus
238 1050 421 1108 crudelissimis
439 1051 546 1108 lacerat.
585 1051 637 1108 Ille
655 1051 684 1107 in
701 1049 793 1126 publi-

60 1149 125 1186 cum
144 1129 170 1187 se
188 1130 350 1206 proripiens,
370 1130 448 1189 &ad
467 1130 606 1188 consulum
625 1130 739 1189 tribunal
758 1129 796 1187 ab

59 1223 217 1269 accurrente
231 1209 404 1267 multitudine
418 1210 561 1282 deducus,
581 1210 615 1270 de
631 1209 793 1269 intolerabili

58 1287 219 1353 crudelitate
233 1289 382 1351 &libidine
395 1292 536 1349 creditoris
549 1293 685 1368 queritur:
706 1297 794 1369 &ap
870 1303 876 1309 “

59 1369 190 1444 parebant
211 1368 329 1442 vibices,
351 1371 548 1448 verberumque
568 1385 687 1431 recentes
707 1387 812 1431 notaes
855 1368 865 1373 ”

60 1448 220 1507 Consules
212 1449 295 1519 igitur
313 1471 371 1508 rem
392 1471 448 1508 non
465 1452 654 1522 negligendam
673 1454 732 1522 rati,
756 1453 793 1511 de

57 1547 91 1584 ca
111 1530 262 1587 retulerunt
284 1529 320 1586 ad
339 1530 477 1588 senatum:
507 1530 635 1607 dictisque
657 1498 792 1591 senteirtiit

58 1607 194 1666 Plotius
186 1627 215 1664 m
233 1629 367 1668 carcerem
387 1609 450 1667 duci
465 1610 559 1684 julius,
580 1610 724 1685 omnesque
743 1631 799 1686 per

57 1701 146 1745 totam
168 1688 276 1759 urbem,
297 1704 431 1766 quotquot
452 1690 512 1746 aeris
533 1690 612 1746 alieni
631 1709 709 1746 causa
728 1690 792 1747 nexi

57 1783 148 1839 erant,
166 1768 227 1839 lege
242 1768 276 1826 de
290 1789 323 1827 eo
337 1770 447 1839 negotio
462 1769 524 1840 lata,
544 1769 648 1829 liberati
662 1769 729 1829 sunt.

98 1812 218 1907 XXVI
244 1849 315 1911 Non
332 1850 390 1907 sum
411 1850 523 1921 nescius,
544 1871 596 1928 pro
615 1851 655 1910 T
672 1850 796 1910 Veturio

57 1927 93 1983 ab
113 1929 174 1985 aliis
192 1928 319 1987 Publium
340 1930 497 2005 quemdam,
522 1932 632 2002 tribuni,
654 1933 700 2009 qui
720 1933 790 1991 inter

57 2007 191 2065 Caudinae
207 2008 282 2084 pacis
298 2010 418 2067 auctores
435 2011 532 2081 fuisset,
553 2012 639 2069 filium
653 2032 789 2070 memora

57 2089 91 2145 ri.
118 2085 165 2144 sed
177 2092 204 2145 8r
217 2108 288 2146 anno
302 2102 363 2147 ante
379 2090 437 2151 haec
451 2105 574 2165 tempora
587 2090 790 2180 quadragesimo

57 2166 224 2233 simillimam
242 2168 280 2226 ob
297 2168 401 2226 causam
419 2169 464 2226 lex
482 2168 611 2225 deuexit
629 2168 680 2225 lata
697 2169 790 2226 fertur.

59 2246 192 2305 Ceterum
203 2248 273 2305 nihil
283 2262 365 2318 vetat,
381 2262 411 2304 ut
425 2248 544 2322 plurium
556 2247 746 2305 foeneratorum
760 2265 798 2307 eat

58 2326 218 2401 improbitas
239 2327 337 2395 fuerit;
361 2326 488 2402 &priori
508 2327 578 2396 lege,
600 2341 630 2383 ut
648 2326 688 2397 11,
709 2328 795 2386 etiam

57 2425 107 2482 per
122 2406 278 2465 debitorum
296 2409 452 2483 patientiam
469 2408 538 2465 inter
552 2407 682 2477 angustias
697 2407 736 2464 rei
748 2407 791 2465 fa-

59 2485 171 2547 miliaris
186 2486 253 2545 nihil
268 2487 454 2555 recusantium,
468 2487 563 2545 sensim
576 2487 706 2558 neglcllai
721 2488 792 2564 ejus-

57 2565 122 2623 dem
141 2566 261 2643 exempli
280 2586 372 2626 recens
391 2569 490 2625 factum
510 2567 692 2638 admonuerit,
712 2584 743 2626 ut
761 2571 799 2629 im

58 2647 198 2722 posterum
216 2666 249 2704 ea
265 2645 300 2704 de
319 2647 397 2704 causa
413 2647 517 2722 plenius
536 2662 616 2723 atque
636 2647 792 2717 diligentius

57 2742 208 2784 caveretur.
245 2725 298 2783 Sed
312 2727 414 2803 populo
428 2745 484 2782 non
498 2725 583 2783 modd
595 2746 683 2796 nexu,
695 2726 797 2784 verum·

57 2807 139 2863 etiam
152 2805 267 2862 foenoris
280 2805 378 2863 saevirit
391 2804 497 2865 liberari
511 2806 642 2881 cupienti,
662 2819 743 2874 gratae
756 2805 793 2863 11

58 2900 101 2949 cet
123 2885 236 2944 ultionis
259 2885 405 2962 legisque
398 2884 551 2960 impetratio
575 2904 631 2943 non
655 2883 796 2946 satisfecit

61 2963 180 3050 Verium,
198 2979 229 3047 ut
242 2965 272 3027 in
286 2965 388 3027 morbis
402 2963 559 3105 111ϋῖ111111
573 2964 739 3050 acrioribus,
746 2986 797 3030 τοι

519 3063 537 3123 3·
