1956 3736
104 320 140 374 U.
153 328 180 375 c.

201 178 263 237 226
356 175 789 254 temnamus

201 317 278 381 moni
293 316 459 375 concilietur.
481 313 571 373 assensr
588 312 661 373 certe
680 315 741 374 sunt
758 315 881 385 rmiversi,
899 333 921 371 oa

118 404 176 447 5⁰2·
201 418 347 480 petamque
360 397 433 454 suam
447 395 482 452 ad
494 395 672 455 continendos
687 397 716 453 in
731 396 825 456 officio
839 397 921 456 milites

110 532 175 581 ⁸5⁰·

198 561 280 641 pliori
298 560 343 634 spe
361 558 482 618 incensos
501 560 540 617 ire
554 559 695 617 confestim
710 558 746 615 ad
761 559 823 618 suos
842 578 923 638 quen·

197 661 253 720 que
274 639 369 716 jubet,
394 658 559 718 operamque
579 639 654 709 dare,
681 653 711 696 ut
734 639 764 696 in
786 639 841 698 fide
862 654 925 718 atque

198 721 327 801 potestate
347 720 408 779 srnt.
431 721 516 779 mittit
534 718 587 778 uni
603 719 781 789 Annibalem,
804 721 890 778 filium
905 739 926 776 e·

196 805 242 880 jus
265 800 407 860 Annibalis
429 802 476 878 qui
497 801 526 858 in
546 799 667 858 Sardinia
689 800 827 878 perierat,
853 805 877 857 or
895 798 928 857 A·

198 884 309 943 cbreum
324 881 496 941 Alexonem:
518 880 596 939 illum
610 880 644 939 ad
653 880 771 951 Gallos,
794 881 891 958 quibus
903 899 929 939 tx

198 966 287 1024 umeri
305 963 467 1022 commilitio
484 976 566 1020 notus
584 967 610 1020 δι
626 975 755 1038 acceptus
775 977 853 1029 erate
874 962 929 1020 Ale·

82 1070 89 1081 ·
199 1063 302 1104 nonem
327 1042 362 1100 ad
385 1056 490 1101 eeteros
513 1041 581 1100 uarii
607 1043 713 1114 generis
741 1044 929 1113 mercenarios,

112 1138 120 1149 ’
200 1126 328 1184 omnibus
348 1144 383 1183 en
401 1143 480 1202 aequo
500 1142 592 1181 carum
611 1136 786 1261 gratumtppe.
809 1125 840 1180 hi
855 1123 930 1182 ‘fidem

199 1206 273 1264 suam
291 1207 502 1280 interponentes,
514 1217 571 1261 rata
582 1203 640 1262 fore
648 1223 717 1282 >quae

200 1286 317 1355 misisset,
339 1285 480 1355 negotium
499 1283 568 1342 adeo
588 1305 622 1342 ex
640 1283 771 1343 sententia
791 1286 930 1362 perfecere,

198 1379 230 1423 ut
247 1365 327 1441 paulo
342 1365 399 1442 post
413 1363 531 1422 reversos
547 1364 584 1422 ad
598 1365 698 1422 rnoenia
713 1365 869 1441 proditores
881 1384 931 1423 non

197 1441 285 1503 modd
305 1444 485 1503 aversarentur
505 1465 611 1515 omnes,
632 1446 676 1503 sed
698 1446 785 1504 etiam
810 1445 930 1504 conuiciis

195 1525 310 1605 telisque
329 1525 402 1583 ultro
420 1539 551 1585 arcerent.
582 1527 621 1583 'Et
639 1526 669 1582 hi
684 1525 802 1604 quidem
821 1527 856 1584 ad
867 1546 929 1584 >con-

198 1605 267 1664 sules
285 1626 314 1665 re
331 1606 429 1664 infecto
446 1607 561 1678 regressi,
583 1607 740 1666 muneribus
762 1621 857 1666 tamen
872 1606 929 1684 qui·

199 1686 310 1746 busdam
325 1693 352 1745 de
364 1688 435 1760 agris
449 1688 477 1745 in
493 1686 584 1745 Sicilia
598 1686 689 1745 donati
701 1687 773 1748 sunt.
804 1687 928 1746 Ceterum

196 1766 347 1826 Poenorum
363 1789 404 1824 rea
415 1768 565 1849 ›ussproviso
581 1769 653 1825 malo
671 1787 758 1846 prope
773 1768 927 1846 desperatio·

196 1866 263 1903 nem
276 1847 405 1902 addudiao
418 1836 589 1924 edtempore
605 1847 671 1906 fides
684 1849 830 1906 Almonis>
838 1851 927 1907 susten·

196 1925 286 1982 tavit:
313 1926 361 2000 qui
385 1925 459 2000 ptids
481 1926 588 1984 servatis
610 1928 706 1986 itidem
731 1930 926 2001 Agrigentinis,

197 2003 297 2082 quibus
309 2003 523 2081 similiquodam
537 2005 634 2066 scelere
646 2011 810 2069 mercenarii
823 2012 924 2088 Syracu·

196 2085 322 2146 senorum
345 2084 461 2143 insidiati
480 2087 597 2161 suerunt,
625 2089 686 2166 jure
700 2089 755 2148 -suo
774 2091 925 2150 memoriam

196 2165 362 2245 laudemque
377 2166 405 2224 in
418 2166 525 2225 historia
538 2169 643 2228 meruit.

241 2247 317 2308 VII.
340 2248 491 2316 Creverunt
505 2249 603 2308 deinde
616 2248 719 2307 obsessis
734 2251 820 2311 animi
833 2252 925 2311 adven·

177 2356 181 2360 ·
194 2341 230 2387 tu
246 2347 382 2386 novorum
396 2329 568 2389 auxiliorum.
605 2330 839 2401 Carthaginienses
851 2333 923 2401 eninr,

154 2457 156 2461 .
196 2407 263 2466 licet
280 2407 365 2480 ignari
383 2410 506 2466 omnium
527 2431 588 2486 quae
609 2410 728 2486 Lilybaei
747 2415 820 2483 gesta
838 2415 922 2480 esseut,

195 2506 240 2546 tes
261 2508 317 2547 non
339 2484 464 2558 segnibus
484 2489 599 2549 consiliis
621 2490 744 2562 indigere
766 2495 923 2570 judicabant.

197 2567 281 2639 igitur
298 2568 450 2627 Adherbali
475 2571 514 2627 rei
537 2572 678 2630 maritime
698 2573 830 2648 prefecto
849 2592 921 2646 nego·

196 2648 270 2707 tium
283 2646 423 2720 dederant,
437 2663 467 2708 ut
480 2649 556 2709 classe
570 2651 725 2728 comparati
737 2655 868 2728 militem,
883 2673 921 2712 an·

196 2746 314 2802 nonam,
343 2735 369 2785 tr
392 2732 535 2807 pecuniam
555 2731 712 2808 Lilybaeum
736 2735 920 2796 introduceret.

197 2811 247 2870 Ab
257 2812 311 2870 hoc
322 2809 416 2870 miffus
431 2811 576 2870 Amilcaris
590 2813 659 2871 lilius
675 2814 809 2887 Annibal,
831 2818 865 2876 ab
878 2815 920 2875 AE·

191 2891 281 2963 gusu,
308 2910 372 2968 quas
395 2905 504 2963 vocant,
531 2893 644 2965 insulis,
660 2908 775 2953 ventum
799 2911 920 2977 opposta·

193 2985 262 3028 num
277 2971 382 3042 nattes,
403 2973 475 3032 redi
490 2973 579 3032 sronte
594 2974 802 3050 ‘Lilybetanum
822 2994 920 3055 pertun

187 3049 275 3135 petit,
289 3050 434 3113 &otuu
450 3055 480 3113 in
498 3055 610 3117 ntvihut
623 3053 724 3115 mrem
739 3055 852 3136 milites,
866 3051 921 3118 &A
965 3093 968 3111 .

103 457 178 504 4·ss
200 480 321 540 ,lacfiter
342 476 508 538 obtulerunt.
544 476 671 536 Himilco
692 476 818 536 laudatos
839 485 864 536 tr
880 496 922 534 w·
966 542 968 549 .

765 1205 863 1262 imilco
875 1225 930 1281 pro·
965 1194 968 1221 ²
