1956 3736
164 173 354 230 Surrunn.
377 172 489 229 L.XX.
513 170 672 231 Lrvrurr.
728 191 784 250 ²97

55 301 102 358 dia
117 320 173 360 non
189 300 325 378 quievere,
346 300 433 358 donec
450 299 568 357 consules
587 299 672 357 statim
692 299 783 357 secun·
794 323 825 369 υ,
835 322 867 367 ο,

56 380 125 438 dum
139 381 307 456 triumphum
321 380 442 438 abdicare
463 380 521 437 sunt
538 380 634 438 coacti.
669 379 729 437 Pari
747 379 785 436 se·
804 399 860 442 5²9·

58 461 168 519 veritate
182 459 228 517 sub
243 459 315 517 idem
331 459 387 518 fere
402 475 508 536 tempus
520 460 571 516 riri
584 460 715 518 clarissumi
730 459 786 516 duo
795 453 822 495 Α·
833 453 863 496 ⁰·

56 540 197 597 sacerdotii
214 540 317 599 honore
335 555 493 599 caruerunt:
517 541 560 597 M.
573 541 715 598 Cornelius
731 541 786 597 Ce·
804 526 861 574 ²²3⁵

57 621 165 691 thegus,
187 621 255 677 extis
272 641 327 677 non
347 621 396 678 rite
418 621 566 696 porredlim
589 620 787 698 QSulpicius‚

57 699 134 778 qudd
148 702 217 758 inter
236 699 434 758 sacrificandum
452 720 520 777 apex
537 701 562 756 ei
580 700 614 757 de
634 701 720 776 capite
738 699 787 756 de·

56 779 178 838 fluxerat.
215 781 311 856 Qum
330 781 482 850 magistratu
501 779 619 838 consules
639 780 787 849 abluissent,

57 860 169 920 comitia
183 879 231 936 per
243 860 404 930 interregem
417 859 475 916 sunt
489 858 589 930 habita,
610 861 705 936 quibus
721 878 786 915 con-

58 939 98 1007 sur
112 939 196 996 nou
211 940 254 997 M.
265 939 395 997 cunnus
409 939 453 996 ru.
471 939 503 996 r.
520 940 565 997 ru.
581 940 621 998 N.
631 937 788 1006 mamertus,
796 911 867 1033 Ἐξ·

59 1019 109 1095 qui
123 1019 274 1090 magistratu
291 1019 360 1076 inito
378 1018 511 1088 collegam
528 1018 637 1076 adscivit
652 1019 706 1076 Cn.
720 1017 790 1074 Cor·
802 1040 829 1083 A.
839 1040 867 1082 c,

60 1097 163 1156 nelium
183 1100 216 1156 L.
237 1101 270 1158 F.
295 1099 330 1157 L.
353 1098 394 1157 N.
410 1097 565 1174 Scipionem
585 1098 712 1158 Caluum.
748 1095 791 1154 Hi
810 1113 865 1146 22²·

62 1198 156 1256 pacem
170 1178 321 1256 petentibus
334 1177 488 1236 Insubribus
505 1177 630 1247 restitere,
652 1177 698 1236 M.
712 1176 790 1234 Mau-

61 1260 130 1318 cello
144 1258 307 1337 potissumum
324 1257 471 1334 cupiditate
485 1257 630 1333 provinciae
645 1255 790 1335 triumphi

60 1360 114 1416 que
134 1338 303 1397 conditiones
323 1357 418 1395 omnes
442 1338 603 1414 aspernante.
634 1336 678 1395 sed
699 1342 723 1392 δι
743 1335 791 1412 ipsr

49 1418 137 1477 ,Galli
154 1418 217 1476 belli
234 1417 327 1496 putide
341 1415 423 1495 quim
441 1417 490 1475 otii
504 1418 611 1475 confilia
625 1419 735 1474 traslare
749 1417 793 1473 vi-

59 1498 203 1568 debantur,
225 1518 310 1574 quum
322 1497 366 1577 'de
387 1496 493 1567 integro
515 1497 640 1554 mercede
659 1495 792 1552 conducm

61 1578 229 1636 Gaesatarum
243 1578 350 1648 triginta
364 1577 448 1635 millia
461 1577 586 1653 superatis
600 1574 715 1651 Alpibus
730 1573 791 1632 lon-

61 1656 98 1729 ge
116 1657 250 1730 majorem
268 1657 420 1717 insubrium
440 1654 643 1716 multitudinem
662 1653 792 1714 concivis·

61 1738 128 1796 sent.

106 1816 174 1874 LII.
188 1813 264 1874 Bello
271 1815 307 1874 src
317 1833 424 1892 exorto,
431 1816 547 1896 professi
556 1813 645 1893 primo
652 1833 716 1872 vere
726 1833 793 1872 cou-

61 1897 140 1967 sules,
147 1897 261 1955 Acerras
271 1899 413 1976 (oppidum
424 1899 460 1958 est
471 1900 540 1957 inter
548 1894 651 1955 Padum
661 1893 791 1972 &Alperl

63 1975 297 2036 circumsederunt.
331 1979 417 2051 Cujus
437 1978 574 2042 obsidione
594 1995 681 2052 quum
700 1972 794 2052 depel-

62 2056 119 2115 lere
132 2057 273 2113 Romanos
287 2053 396 2110 difficile
409 2055 555 2125 videretur,
578 2055 743 2121 Britomarus
756 2053 795 2114 as·

62 2135 168 2213 sumpti
186 2133 282 2192 decem
302 2131 419 2188 millium
433 2132 600 2191 Gaesatnrum
618 2154 712 2204 manu,
733 2134 796 2191 eir-

63 2213 259 2292 cumpadanam
289 2208 428 2282 regionem
457 2213 555 2272 vallare
582 2214 703 2273 instituit.
740 2232 800 2290 quo

62 2309 207 2372 comperto
226 2289 347 2350 consules
368 2290 404 2348 ita
424 2293 494 2351 inter
514 2293 540 2350 se
560 2294 650 2370 partiti
668 2294 728 2352 sunt
748 2313 797 2351 co-

64 2376 132 2452 piae,
154 2390 184 2432 ut
199 2375 251 2431 Cn.
264 2371 408 2430 Cornelius
421 2393 484 2430 eum
499 2374 617 2433 exercitu
630 2372 735 2451 reliquo
750 2393 798 2432 ur-

65 2467 141 2525 geret
154 2454 340 2519 obsidionem
362 2453 406 2513 M.
419 2453 567 2513 Marcessus
582 2453 647 2512 duas
667 2467 752 2528 partes
767 2472 797 2509 e·

64 2534 173 2611 quitum
187 2540 212 2592 δι
226 2533 345 2594 delectos
359 2553 393 2592 ex
407 2534 461 2592 leui
476 2550 610 2592 armatura
621 2531 733 2602 ducens,
754 2532 798 2591 so·
874 2558 877 2567 ·

65 2615 115 2672 ciis
129 2613 302 2672 succurreret.
338 2613 448 2686 Delegit
464 2613 687 2691 expeditissrmum
701 2630 798 2686 quem-

65 2713 130 2771 que,
151 2713 207 2750 non
225 2694 294 2750 ultra
313 2693 461 2752 sexcentos.
482 2710 545 2750 cum
563 2691 605 2748 his
622 2688 799 2764 &equitibus

65 2773 129 2843 suis,
144 2793 199 2830 non
214 2773 270 2843 die,
285 2792 341 2831 rrou
354 2775 434 2834 nudie
448 2771 594 2831 intermisso
608 2769 714 2838 itinere,
730 2767 809 2828 con·'

65 2853 154 2912 tendit
165 2852 199 2928 ud
214 2853 311 2912 hostes.
332 2872 402 2931 quor
417 2853 488 2910 circa
503 2848 661 2907 Clastidium
675 2846 803 2924 adeptus,

68 2933 219 3010 priusquam
242 2933 350 2991 reficere
372 2933 432 2991 suos
452 2932 543 3008 quiete
565 2927 664 3005 pollet,
692 2928 802 2984 adortus

66 3011 117 3086 est,
135 3032 190 3075 non
208 3015 347 3075 voluntate
364 3012 425 3087 sus„
440 3011 484 3072 sed
502 3008 602 3073 ferocis
621 3006 804 3106 Gaelatarunr,
