1956 3736
143 130 670 193 Sursnarr.L.XIX.L1vttu.
715 142 778 207 257

46 282 84 321 res
103 263 233 334 gerendas
252 263 375 323 incitatus
395 263 472 336 esset,
499 261 559 321 Dre
648 255 855 338 optimu-stne.
877 258 880 263 ⁴

46 342 117 400 iretis
129 343 249 403 obsedit:
269 364 359 423 neque
372 349 406 402 ‘eo
419 343 523 416 segnius
584 340 710 420 praelium
723 355 771 396 na·
791 348 806 391 5
811 348 851 386 ¹0²«

46 423 109 495 tale,
130 425 206 502 quud
216 425 310 484 inllure
323 424 499 504 praevidebat,
519 423 660 485 classiarios
671 404 809 480 milites*
819 402 850 451 ⁰·

46 504 163 580 quotidie
185 507 316 579 exercuit,
342 525 376 565 eo
395 505 532 580 successu„
546 519 577 564 ut
597 522 668 584 quos
689 501 773 560 rudes

46 583 95 644 'eri
119 587 319 646 maritimorum
343 585 451 649 casuum
474 585 639 657 adduxerat,
667 581 774 643 iisatis

47 684 92 724 am
106 666 141 724 ad
155 666 297 746 quodlibet
309 667 451 729 discrimen
465 667 564 727 eruditi
577 666 715 746 paratique
728 662 771 722 vi·

46 745 174 808 leuentur.
211 749 288 807 Inter
307 750 379 821 haec,
398 769 485 828 quum
503 748 567 808 urbs
586 744 772 824 Drepanitano

46 827 107 886 :ersi
120 829 241 908 marique
256 845 467 907 oppugnaretur,
483 830 596 906 jamque
609 825 682 886 muri
696 842 772 903 parte

46 907 140 984 lejeot
160 930 203 968 rer
217 910 365 970 Poenorum
383 911 412 967 in
429 909 536 968 summo
557 906 679 984 periculo
697 905 773 975 esset,

46 988 139 1062 mussi,
147 989 214 1049 duur
229 989 300 1049 iuter
312 991 447 1067 primores
459 987 563 1048 strenui
575 1005 695 1065 pugnam
707 985 774 1062 ciet,

46 1086 117 1138 trave
136 1069 234 1128 vulnus
254 1070 283 1128 in
304 1070 410 1129 femore
430 1070 551 1146 accepit:
573 1065 681 1146 ejusque
699 1066 771 1142 peri-

46 1149 98 1206 mlo
112 1150 293 1226 perterrefaffi
307 1150 419 1222 milites,
434 1151 507 1209 &ad
520 1149 639 1208 saucium
653 1165 777 1217 concurs

46 1243 135 1299 entes,
156 1230 248 1287 locum
258 1232 316 1306 jaun
329 1230 399 1308 peni
413 1244 522 1309 captum
537 1226 660 1289 omisere.

78 1307 145 1364 LV.
168 1309 304 1369 Nondum
323 1310 400 1370 usum
419 1311 496 1389 pedis
516 1324 663 1388 receperat,
679 1325 771 1387 quum

46 1386 157 1446 uaxima
169 1388 316 1448 Poenorum
332 1391 413 1450 clallis
427 1392 512 1451 adesse
529 1390 679 1450 nunciatur.
706 1387 770 1448 Na·

46 1487 82 1526 res
95 1482 170 1524 erant
182 1469 394 1546 quadringentae,
403 1469 508 1531 resertae
518 1485 674 1531 commeatu
685 1487 770 1547 quem

46 1547 70 1605 sd
92 1548 242 1606 exercitum
264 1550 416 1627 portabant,
441 1553 526 1629 copiis
548 1541 676 1628 praet'erea
696 1549 770 1606 mili·

46 1787 132 1847 tobilis
148 1791 255 1848 Poenus.
276 1791 323 1848 hic
340 1810 440 1864 magno
458 1791 546 1850 lindio
562 1789 592 1849 id
610 1789 717 1862 agebat,
738 1750 770 1849 ul

46 1870 154 1947 irycem
172 1871 307 1950 appulsus,
320 1891 414 1932 <onere
429 1872 529 1932 levatis
549 1890 631 1930 naves
651 1870 769 1947 acceptia

46 1950 220 2008 bAmilcare
237 1953 349 2011 strenuis
364 1953 431 2012 viris
449 1953 609 2034 compleret,
631 1966 712 2032 atque
730 1950 768 2017 fic

46 2026 132 2086 leinde
153 2048 217 2087 cum
236 2031 362 2089 Romana
381 2033 459 2091 classe
480 2034 646 2104 confligeret.
681 2033 767 2090 Cete-

46 2107 94 2168 im
122 2123 286 2186 conceptum
312 2110 417 2187 optime
440 2111 583 2171 consilium
607 2111 644 2169 C.
662 2111 767 2168 Lutatii

47 2188 146 2248 onsulis
159 2189 351 2268 circumspeeta
367 2189 509 2267 prudentia
522 2190 611 2262 fregit.
647 2189 679 2246 ls
691 2189 766 2248 enim

46 2270 172 2330 istoriam
187 2270 215 2328 in
229 2288 263 2328 eo
277 2268 417 2328 consistere
429 2285 565 2349 reputans,
579 2268 675 2328 sicum
688 2269 766 2330 clusit

46 2351 106 2419 ravi
124 2350 226 2430 suisque
244 2350 412 2429 apparatibus
432 2349 565 2428 impedita
584 2349 766 2420 congredere·

46 2450 85 2504 ur,
105 2447 167 2489 ante
185 2431 261 2490 diem
277 2431 333 2490 Vl.
352 2429 423 2489 Idus
440 2430 565 2504 Martias,
585 2430 718 2507 assumpto
736 2430 768 2489 irs
796 2433 798 2438 ’

46 2530 112 2661 ili}
131 2528 238 2650 {issi
256 2511 573 2670 illisussslllisil
587 2511 765 2669 iffi:

46 2670 197 2729 {annonem
211 2672 247 2730 ab
258 2671 430 2731 Hieronneso
444 2672 598 2731 vestientem
615 2671 763 2747 conspexit.

46 2769 90 2808 um
110 2749 300 2820 guhematores
320 2752 470 2830 militesque
489 2752 622 2823 hortatus,
641 2770 762 2829 pugnam

46 2850 60 2888 a
72 2829 147 2888 diem
160 2830 313 2909 sequentem
326 2832 434 2891 indixit.

70 2910 158 2971 LVI.
183 2912 311 2972 Ceterum
336 2912 395 2972 orti
413 2911 486 2985 luce,
513 2912 617 2972 rursum
635 2911 762 2986 ambigua

46 2991 187 3058 onsultatio
200 2993 270 3058 suit:
291 2991 368 3076 quod
379 3007 477 3138 uenthrs
494 2992 684 3080 institissent,
700 2993 765 3074 Rog
