1956 3736
172 163 360 221 Surrnsn.
383 160 418 217 L.
432 160 497 218 XX.
522 161 679 220 Lrvrnn.
736 178 789 235 30¹

63 287 162 358 tentis,
190 304 272 364 quam
292 284 307 343 a
328 285 419 342 Teuta
443 284 579 342 deficienti
598 284 717 341 Romani
741 284 875 353 cir-nc,

63 365 269 436 cumdederant,
290 364 425 442 tutelsque
438 366 507 435 regis
521 366 626 434 Pinnei‚
646 366 722 439 cujus
735 383 794 422 ma·
812 382 871 429 53²·

63 462 135 505 trem
153 446 308 504 Triteutam
327 444 462 502 connubio
482 444 530 500 fibi
546 447 681 520 junxerat,
701 463 794 514 regem
804 434 832 477 ¹¹·
845 435 873 479 c·

64 532 91 584 &
107 525 162 603 ipse
180 526 206 583 se
225 525 323 595 serens,
344 522 516 600 popularibus
531 523 606 599 juxti
625 523 795 601 finitimisque
812 509 871 545 ²²⁰⁶

65 607 154 677 gravis
173 610 199 661 δι
215 604 397 662 intolerandus
417 603 598 662 incumbebat.
615 653 617 659 .
632 605 669 661 Et
690 604 796 679 lllyrici

65 684 178 761 quidem
196 684 321 760 populos,
342 684 531 740 Romanorum
544 682 628 740 socios
643 684 795 754 Scammos,

65 765 118 821 suae
140 762 319 821 dominationi
342 761 463 818 studebat
483 761 634 835 subjicere:
663 763 798 838 Cycladas

65 858 156 901 autem
170 842 276 913 insulas,
292 855 385 898 contra
398 840 487 898 soedus
501 860 565 898 curn
578 840 674 898 lembis
688 844 797 900 armatis

64 922 258 1000 quinquaginta
271 920 341 978 ultra
352 920 455 977 Lissum
466 922 619 996 provestus,
635 920 697 979 alias
713 921 799 998 depo·

65 1000 215 1077 pulabatur,
236 999 270 1058 ab
289 1000 347 1058 aliis
368 998 543 1077 extorquebat
564 1001 699 1077 pecunias.
725 1001 798 1076 jam·

66 1085 160 1156 que&
175 1081 303 1140 lslrorum
318 1092 432 1158 partem,
452 1093 587 1157 quotquot
600 1079 726 1139 &recenti
738 1081 797 1138 bel·

65 1158 95 1217 lo
110 1159 248 1219 Romanos
263 1159 385 1231 oderant,
406 1165 432 1217 δι
446 1159 588 1217 Atintanes
602 1160 631 1217 vi
645 1161 751 1218 coaetos
766 1159 796 1219 in

64 1253 153 1315 partes
172 1241 229 1297 suas
245 1254 368 1298 traxerat.
390 1258 478 1316 neque
496 1239 636 1297 Romanos
653 1239 796 1298 revereba-

64 1331 120 1389 tur,
140 1319 238 1396 quibus
250 1319 360 1377 Gallico
375 1318 446 1376 bello
460 1319 609 1395 implicitis,
629 1319 728 1378 deinde
741 1321 796 1378 Pu-

65 1398 160 1457 nicum
180 1399 372 1470 metuentibus,
393 1418 481 1474 neque
499 1400 580 1470 vires,
600 1419 687 1477 neque
708 1400 797 1458 otium

65 1476 101 1536 ad
114 1477 288 1536 vindicandas
304 1479 438 1538 sociorum
452 1478 562 1553 injurias
579 1480 637 1537 sore
657 1480 795 1539 censebat:

64 1561 92 1615 st
106 1555 121 1614 Ξ
136 1557 261 1634 Philippo
278 1556 463 1616 Macedonum
480 1577 543 1628 rege
559 1558 691 1634 quidlibet
710 1559 797 1634 spera·

65 1635 127 1705 bat,
153 1634 228 1711 quod
250 1635 322 1692 bello
344 1637 520 1695 Cleomenico
544 1637 601 1694 dux
624 1637 798 1713 Illyricorum

66 1712 228 1771 auxiliorum
242 1713 432 1774 Macedonicas
447 1737 514 1794 opes
527 1716 675 1792 adjuvisset.
708 1717 798 1788 Igitur

65 1792 207 1930 {secretum
222 1793 347 1851 adversius
360 1815 423 1853 eum
435 1797 537 1854 bellum
550 1797 597 1868 est,
609 1797 799 1874 apparatusque

79 1874 140 1933 atti.

108 1954 228 2013 LVIII.
250 1955 375 2015 Lustrum
395 1958 496 2016 interea
513 1959 623 2016 tertium
640 1957 794 2036 &quadra-

65 2033 198 2105 gesrmum
220 2033 255 2092 L.
276 2036 422 2103 AEmilius‚
449 2037 486 2093 C.
507 2038 655 2094 Flaminius
676 2038 796 2097 censores

65 2112 256 2171 condiderunt.
292 2112 377 2169 Censa
390 2112 447 2168 sunt
463 2113 565 2169 civium
581 2115 668 2190 capita
681 2115 797 2173 ducenta

66 2192 229 2270 septuaginta
243 2192 329 2249 millia
342 2191 458 2248 ducenta
471 2190 610 2249 tredecim.
639 2193 796 2252 Libertino-

66 2292 129 2330 rum
143 2272 291 2350 promiscua
302 2271 448 2330 multitudo
462 2290 511 2349 per
521 2291 616 2329 omnes
630 2273 713 2331 tribus
725 2274 797 2349 spar-

66 2351 102 2423 sa,
112 2352 229 2411 multum
241 2352 366 2410 haetenus
376 2351 514 2409 turbarum
527 2350 646 2410 dederat.
662 2373 722 2410 eam
734 2353 798 2411 imi-

66 2433 167 2489 tatione
188 2435 234 2510 Q
247 2432 323 2490 Fabii
344 2432 463 2490 Maximi
487 2433 608 2490 censores
629 2433 657 2489 in
683 2448 799 2511 quatuor

67 2510 171 2582 tribus,
199 2512 379 2589 Esquilinam,
408 2511 573 2583 Palatinam,
602 2513 798 2586 Suburranam,

68 2590 258 2667 Collinamque
280 2591 449 2662 redegerunt.
485 2593 518 2649 C.
538 2593 685 2651 Flaminius
703 2594 731 2650 in
752 2615 798 2651 ea-

67 2670 132 2727 dem
147 2670 254 2727 censura
269 2672 342 2728 viam
357 2673 514 2729 Ariminum
531 2669 613 2748 usque
626 2673 753 2741 munivit,
774 2679 800 2730 sc

66 2750 170 2808 circum
191 2750 327 2808 exstruxit.
357 2752 463 2827 utrique
483 2751 560 2826 operi
577 2771 679 2808 nomen
697 2751 731 2806 ab
749 2771 800 2809 au·

67 2830 143 2886 slore
165 2829 202 2886 est
224 2830 394 2906 impositum,
420 2832 556 2906 circusque
582 2829 746 2900 Flaminius,
772 2836 798 2888 sc

67 2908 113 2964 via
138 2909 270 2966 Flaminia
296 2923 400 2967 vocata.
442 2907 533 2966 Iidem
561 2910 682 2968 censores
709 2911 800 2981 Iegem

70 2986 207 3048 Metiliam
227 2989 261 3050 de
281 2988 427 3049 fullonibus
448 2988 497 3128 udC
506 2991 638 3066 populum
660 2990 799 3051 serendam

511 3089 526 3129 c
