1956 3736
162 39 249 193 ῙγὶζΙ
319 114 742 195 thermarum

74 254 109 304 u.
119 257 149 307 c.
170 241 286 324 pubbcae
299 244 400 303 babent
417 246 446 303 iu
464 245 587 316 confilio‚
608 245 702 324 patriae
717 244 831 340 salutem
848 245 904 325 pri·

75 335 144 432 272*
169 328 237 385 vatia
254 324 400 383 inimicitiis
413 325 600 402 anteponebat.
643 326 721 384 Nam
734 345 770 384 ex
789 325 905 385 drffimi·

84 448 145 511 ³7⁸·
170 404 282 464 litudine
296 423 406 463 morum
417 403 536 463 simultas
550 406 620 463 inter
633 406 684 463 hos
696 405 796 478 fuerat,
815 425 905 484 quum

167 483 307 544 Fabricius
330 483 440 557 egregie
461 486 556 544 firmus
579 483 724 544 adversum
745 487 904 563 pecuniam,

166 563 221 622 uni
234 564 388 622 communis
402 565 468 623 boni
481 564 545 622 curi
557 563 716 632 duceretur3
738 565 858 632 Rufinus
871 585 904 625 o·

165 662 235 722 pum
249 643 385 722 cupidior,
397 645 482 704 multa
496 644 593 722 privati
605 645 719 720 quastus
732 645 824 704 studio
835 664 902 705 con-

165 723 264 782 suleret
289 740 443 802 ageretque.
480 724 679 783 Verumtamen
703 744 791 801 quum
814 741 904 784 cetera

166 802 311 862 industrius
333 810 359 862 &
379 805 467 863 bonus
492 805 638 881 imperator
658 804 738 877 effet,
766 806 906 882 competi·⁴

166 885 273 949 toribus
294 884 501 964 haudquaquam
523 885 581 961 pari
601 903 739 943 armorum
760 886 858 962 peritii
877 890 903 943 δι

167 964 217 1022 usu
238 964 357 1041 praditis
379 965 517 1022 Fabricius
536 962 736 1040 praeferendum
755 964 809 1022 effe
827 964 902 1041 judi·

168 1062 286 1108 caverat.
328 1047 448 1117 Ferunt,
460 1064 546 1121 quum
564 1043 589 1100 ei
610 1045 707 1114 gratias
725 1042 828 1102 deinde
843 1045 902 1102 Ru·

169 1126 241 1182 finus
257 1139 358 1196 ageret,
377 1121 447 1200 quid
453 1123 486 1198 se
499 1121 569 1180 homo
584 1126 704 1180 inimicus
717 1123 842 1198 consulem
854 1126 901 1198 fce

166 1205 250 1278 eistat,
270 1205 333 1262 bello
346 1203 495 1279 prasertim
513 1221 603 1277 magno
621 1200 656 1261 ὃ
669 1207 752 1276 gravi
761 1227 771 1271 ;
792 1204 900 1281 respou-

168 1283 247 1353 diffe,
268 1304 317 1341 nor
330 1284 377 1358 effe
389 1283 547 1354 mirandum,
559 1281 588 1356 fi
601 1282 743 1358 compilari,
764 1281 845 1358 quaint
858 1303 901 1342 oe·

59 1398 61 1402 ,
169 1366 231 1420 aire
245 1363 376 1423 maluerit.
413 1363 517 1433 Magna
531 1364 604 1420 enim
618 1362 754 1421 bellorum
773 1364 902 1422 molesia

67 1446 71 1455 ‘
170 1442 249 1500 Italia
263 1443 409 1520 supererat:
431 1441 574 1520 &Pyrrho
589 1443 617 1499 in
632 1442 724 1498 Sicilia
748 1446 816 1516 (erat
831 1445 904 1506 enirn

167 1523 226 1598 'jam
248 1523 425 1596 transgressus)
455 1524 546 1581 omnia
565 1520 613 1579 fibi
635 1541 720 1598 prona
740 1524 901 1600 reperiente,

170 1603 244 1660 haud
264 1604 310 1661 abs
332 1624 363 1662 re
382 1603 560 1673 metuebatur,
584 1622 619 1658 ne
638 1602 720 1677 paulo
741 1603 802 1679 post
822 1604 902 1662 auiiir

171 1684 315 1743 acceffione
329 1684 425 1743 nobilis
440 1683 529 1740 insulae
541 1682 653 1754 viribus,
663 1681 828 1763 ¹nobellum
843 1684 900 1744 Ru·

172 1782 284 1820 manurn
298 1764 405 1835 gravior
417 1763 498 1820 hostis
511 1775 697 1822 reverteretur.

363 2027 550 2088 Surenam.
573 2027 610 2088 L.
623 2027 710 2088 XIV.

77 2157 111 2207 υ·
124 2160 152 2208 C·
174 2157 200 2218 I.
308 2159 381 2219 UM
402 2160 460 2218 haec
479 2159 508 2216 in
526 2158 604 2218 Italia
622 2170 764 2229 geruntur,
786 2158 903 2237 Pyrrhus

79 2237 149 2332 ΧΠ·
323 2241 443 2300 exercitu
456 2245 481 2297 δι
494 2239 641 2316 elephantis
655 2239 684 2294 in
696 2257 780 2296 naves
793 2240 901 2318 impofi·

87 2293 150 2414 2'75
173 2321 222 2400 tis,
251 2343 285 2378 ex
308 2321 459 2378 Tarentino
481 2334 561 2395 portu
582 2319 611 2375 in
632 2317 751 2376 Siciliam
776 2321 904 2396 trajecit:

171 2404 311 2478 postquam
336 2400 486 2468 biennium,
511 2404 538 2456 δι
558 2398 660 2456 menses
683 2412 816 2474 praeterea
838 2419 904 2478 qua·

171 2497 243 2551 tuor,
265 2481 295 2536 in
310 2481 387 2536 Italia
406 2478 503 2536 fuisset.
545 2478 688 2538 Deductus
701 2475 717 2535 ai
731 2479 906 2553 Tboenione,

169 2562 218 2637 qui
237 2580 301 2617 cum
322 2559 433 2616 navibus
452 2573 614 2629 occurrerat,
635 2558 808 2636 maximique
826 2560 908 2619 steno

170 2642 261 2700 lorum
284 2640 416 2698 alacritate
437 2652 565 2715 exceptus
585 2639 633 2709 est,
654 2638 753 2714 oppida
774 2640 830 2712 sua,
857 2642 915 2699 co·'

170 2722 239 2800 pias,
260 2720 397 2799 pecunias,
417 2738 510 2790 naves,
530 2718 652 2777 certatim
664 2717 839 2778 tradentium.
875 2722 908 2780 1-

171 2805 278 2883 dcoque
305 2801 466 2859 Graecarum
494 2799 603 2856 urbium
631 2799 757 2857 omnium
787 2800 910 2878 imperio

169 2883 246 2956 brevi
265 2885 378 2960 potitus,
399 2880 480 2937 etiam
495 2878 624 2937 Punicam
640 2878 774 2937 ditionem
792 2882 904 2938 univer·

164 2961 223 3023 sam
242 2964 323 3049 armio
344 2960 472 3034 obtinuit,
493 2959 546 3022 uni
562 2957 675 3040 excepta
692 2948 924 3045 urbe'Lilybk.
