1956 3736
215 171 251 229 16
364 171 785 249 J.Fnsrusunurr

124 315 157 364 v,
170 320 195 364 α
215 298 310 370 aerarii,
330 297 517 355 sacrificiorum
538 296 663 374 impensis
687 295 809 353 destinari
830 295 939 353 consue-

135 382 195 442 463·
215 392 298 436 verat.
340 377 440 434 Gensis
460 396 570 456 quoque
591 397 624 434 eo
645 395 715 434 anno
736 376 788 432 aeti
808 375 942 434 memoria

126 449 154 492 Α·
168 450 195 494 ⁰·
214 478 271 515 non
293 456 342 513 alia
366 455 494 535 superest,
521 455 603 534 quim
628 455 704 534 qudd
727 455 831 513 civium
854 456 943 532 capita

136 508 194 572 ⁸⁸⁹⁰
213 538 329 594 ducenta
348 537 511 612 septuaginta
531 537 582 594 tria
603 537 686 595 millia
706 535 782 593 censa
802 535 940 594 dicuntur.

215 617 366 692 Principem
383 616 484 673 senatfis
502 617 536 673 ab
550 617 591 673 his
608 635 716 694 quoqne
733 615 885 673 censoribus
902 615 941 672 le·

213 700 288 753 dium
308 695 383 752 suisse
401 697 566 772 QFabium
583 697 739 754 Maximum
757 707 830 752 certa
847 696 942 769 conje-

213 778 288 833 crura
302 777 347 846 esi,
369 774 444 851 quod
459 775 564 833 aliunde
579 777 674 833 seimus
689 794 723 831 ex
738 795 769 831 ea
783 789 863 846 gente
876 793 942 831 con·

213 857 320 912 sinuum
334 875 398 914 eum
411 855 543 913 honorem
557 857 642 912 tribus
656 854 785 925 mansisse,
805 868 836 912 ut
849 854 942 912 Maxi-

192 974 195 981 ·
214 956 276 994 mus
290 951 430 1012 acceptum
443 935 477 991 ab
488 935 621 994 Ambusto
634 949 719 1012 patre,
740 953 807 993 mox
820 933 855 991 ad
866 933 943 991 Gur·

213 1018 300 1088 gitem
313 1015 399 1073 filium
412 1014 596 1091 transmiserit„

214 1124 219 1140 ‹
257 1095 371 1154 XXIV.
394 1095 499 1152 Interea
511 1115 596 1170 quum
610 1094 676 1150 so'ris
690 1113 732 1152 res
746 1095 804 1152 satis
818 1095 888 1151 laetae
904 1093 944 1151 es-

215 1174 286 1244 sent,
314 1174 439 1244 gravibus
461 1173 538 1231 domi
561 1174 698 1230 discordiis
720 1174 946 1251 seditionibusque

214 1254 364 1311 laboratum
379 1254 424 1312 est.
459 1253 537 1310 Plebs
554 1269 608 1311 aere
621 1254 708 1310 alieno
725 1253 845 1331 oppressa
858 1271 948 1310 novas

214 1332 318 1390 tabulas
335 1331 479 1402 flagitabat,
501 1353 559 1389 rem
575 1347 705 1403 veterem,
727 1333 801 1390 &ab
821 1333 947 1390 ducentis

216 1411 331 1487 ampliis
345 1412 421 1469 annis
432 1411 506 1470 varii
517 1414 652 1488 jadiatam,
673 1427 703 1469 nt
715 1413 882 1470 turbulentus
897 1413 946 1469 ali-

214 1493 278 1569 quis
296 1491 418 1549 tribunus
438 1492 472 1549 ad
490 1491 704 1550 commovendos
720 1492 902 1550 multitudinis
915 1511 947 1549 a·

218 1572 308 1631 niman
325 1571 461 1630 stimulum
476 1592 540 1631 eum
560 1573 726 1642 admoverat,
747 1586 793 1629 aut
811 1572 947 1648 improbi-

218 1666 273 1710 tate
297 1651 489 1710 foeneratorum
514 1653 608 1730 populi
632 1651 779 1722 indignatio
806 1651 946 1712 exarserat.

217 1732 274 1790 Sed
294 1731 342 1790 sub
361 1732 494 1808 prioribus
516 1733 618 1809 aliquot
633 1731 803 1803 consulibus,
832 1733 947 1790 morbo-

216 1831 279 1870 rum
294 1825 339 1868 aut
352 1811 467 1868 hostium
481 1824 570 1869 metus
583 1812 738 1869 remiffiores
755 1812 784 1869 in
797 1811 864 1870 urbe
878 1810 950 1872 con?

129 1895 162 1944 U.
172 1897 200 1943 c.
218 1891 349 1948 tentiones
363 1889 471 1948 fecerat.
503 1891 659 1967 QMarcio
671 1892 817 1962 Tremulo,
835 1893 865 1951 P.
875 1894 948 1952 Cor·

136 1958 196 2021 4⁶4·
218 1969 290 2028 nelio
303 1968 406 2026 Arvinai
422 1970 583 2042 consulibus,
604 1971 702 2030 deinde
718 1973 845 2049 proximo
862 1992 947 2044 anno,

129 2027 197 2134 ⁴2⁶ss
219 2069 304 2126 quum
319 2049 365 2108 M.
379 2049 507 2107 Claudius
523 2051 680 2122 Marcellus,
702 2053 737 2110 C.
750 2053 871 2110 Nautius
885 2054 947 2111 Ru-

130 2151 164 2198 υ,
174 2153 201 2198 c,
220 2129 282 2187 tilus
305 2130 485 2200 magistratum
509 2146 646 2202 gererent,
675 2132 789 2206 majores
810 2132 948 2210 aliquanto

128 2214 199 2281 v4⁶5·
220 2225 311 2269 motus
326 2212 478 2270 extiterunt.
504 2211 538 2290 qd
553 2232 621 2290 quos
634 2211 867 2288 comprimendos,
888 2233 948 2271 ma·

130 2281 160 2325 Δ·
170 2283 198 2326 ⁶·
220 2292 260 2362 gis
273 2288 354 2369 quim
366 2291 446 2348 ullius
459 2291 565 2350 alterius
576 2290 679 2363 negotii
692 2291 789 2348 bellive
801 2292 890 2364 causi,
906 2293 948 2351 di·

140 2339 197 2406 ²⁸7'
220 2372 349 2428 statorem
363 2371 438 2428 fuisse
450 2372 554 2430 didum
566 2373 715 2430 existimem
726 2372 853 2448 Appium
865 2371 947 2431 Clauss

218 2451 307 2520 dium,
321 2451 368 2526 qui
381 2449 479 2506 deinde
488 2453 582 2510 Caecus
594 2453 630 2509 est
642 2452 858 2525 cognominatus,
866 2473 948 2530 quem

217 2528 378 2586 didatorem
388 2528 463 2586 fuisse
474 2532 501 2587 in
512 2531 627 2608 antiquis
637 2532 819 2588 monumentis
832 2533 947 2608 reperio.

259 2609 357 2666 XXV.
386 2608 455 2666 Sane
480 2625 576 2685 praeter
599 2611 770 2668 acerbitatem
794 2612 947 2689 iniquissimi

218 2687 340 2759 sonoris,
367 2689 448 2745 etiam
469 2688 569 2747 nefaria
591 2691 626 2750 C.
643 2690 724 2748 Plotii
744 2690 842 2762 libido,
870 2692 948 2762 aegris

216 2772 274 2846 jam
288 2769 431 2829 hominum
444 2770 550 2841 animis,
572 2785 602 2828 ut
615 2770 693 2829 citiiis
707 2785 788 2846 atque
800 2771 946 2830 vehemen-

218 2850 273 2909 tius
286 2848 492 2921 exardescerent,
513 2851 624 2926 subjecit
636 2849 716 2908 faces.
749 2851 827 2908 Huic
841 2851 946 2912 T.Ves

125 2978 141 3001 ,.
220 2931 315 2999 turius,
337 2930 406 2986 filius
424 2933 480 3005 ejus
496 2931 618 3002 ¹Veturii,
639 2929 687 3006 qui
705 2930 796 2988 consul
816 2930 854 3001 ob
871 2946 946 3006 turpe

219 3004 308 3069 soedus
323 3009 483 3070 &mistiam
500 3011 605 3090 populo
622 3009 728 3071 deditis
744 3010 842 3094 suerat,
864 3027 945 3091 quum
