1956 3736
174 124 422 205 Suessanb.
438 145 524 205 XVI.
550 143 707 206 L‘rvrss.
753 118 810 229 157

67 265 124 346 qul
153 268 247 326 venire
274 269 442 328 Hannonem
470 269 600 342 sciebant,
627 269 905 346 refugientesffltc,¹

67 364 202 408 contento
231 349 309 407 cursu
338 351 540 429 persequuntur.
590 352 679 423 Igitur
707 365 808 429 quanto
826 377 884 422 490·

68 429 180 501 longius
202 430 289 507 abripi
308 430 335 488 se
356 431 418 510 palii
437 432 552 504 fuerant,
578 446 652 490 tanto
673 431 847 490 diffinio-A·
861 432 890 476 0·
908 486 914 497 ,,

68 529 131 568 rem
151 509 187 568 ad
209 511 254 569 fua
277 512 446 571 munimenta
471 527 610 590 receptum
632 513 806 571 habuerunt:
828 495 886 543 ²⁶²·
967 553 973 562 ,

68 590 206 669 multique
223 610 331 664 eorum,
352 613 438 670 quum
454 598 480 651 δε
494 602 614 652 recentes
632 593 807 652 occurriffent

67 671 170 749 copiae,
191 677 217 729 δι
230 673 279 750 qui
292 671 374 750 paulo
392 671 453 732 ante
470 673 594 746 fugerant
613 673 733 754 undique
752 676 808 735 cis·

69 751 326 825 cumfunderentur,
347 752 487 814 deiiderati
499 755 569 815 sunt.

113 833 185 897 LV.
207 833 274 894 Hoc
286 847 385 893 eventu
399 837 486 908 magis
499 835 582 895 etiam
595 833 630 894 ad
643 834 717 914 spem
733 836 807 897 surn-

68 932 126 975 anae
138 913 260 975 victorie
272 915 446 991 conlimatur
460 916 575 989 Hanno,
595 915 695 976 collem
707 936 806 996 quem-

69 994 149 1068 dam,
170 995 282 1056 Torum
294 998 416 1068 nomine,
437 997 512 1056 mille
525 997 680 1077 quingentis
694 997 807 1074 paffibus

68 1073 87 1135 d
107 1076 301 1136 Romanorum
323 1078 412 1137 castris
432 1079 584 1151 distantem,
608 1077 714 1139 insedit.
757 1079 806 1138 Se·

68 1156 126 1215 rius
144 1171 234 1216 tamen
252 1158 400 1237 aliquanto,
420 1158 502 1237 quarn
515 1161 586 1219 inter
598 1159 730 1219 exercitus
750 1174 807 1220 tarn

70 1237 240 1317 propbtquos
263 1239 360 1318 sperari
383 1241 523 1318 potuisset,
551 1241 692 1300 commilla
714 1261 807 1320 pugna

68 1317 128 1386 ests
149 1317 235 1379 medei
249 1321 394 1393 Romanis,
414 1321 500 1382 niodo
514 1323 605 1382 Poenis
619 1322 699 1382 unius
717 1321 812 1401 prelii

69 1397 191 1461 fortunae
210 1401 268 1479 spes
287 1401 421 1469 universas
443 1404 614 1462 conunittere
633 1403 807 1464 formidanti-

68 1481 131 1545 bus.
175 1481 285 1555 Donec¹
301 1479 384 1560 igitur
407 1483 545 1560 pugnandi
571 1483 676 1543 avidior
702 1485 807 1545 Hanno

67 1560 140 1639 fuit,
166 1562 287 1627 Romani
306 1563 395 1622 castris
415 1564 466 1623 fuis
488 1564 514 1625 se
533 1578 697 1625 tenuerunt:
728 1563 806 1642 qubd

67 1661 198 1717 nurnero,
219 1650 245 1703 δι
263 1645 408 1718 alacritate,
429 1643 478 1723 ipss
499 1643 662 1703 detrimento
682 1646 807 1723 equiturn

68 1723 180 1786 fuorunt
196 1725 309 1805 perculsi
323 1731 349 1784 ἃ
363 1740 519 1798 nroerentes,
531 1726 711 1785 vincerentur.
733 1727 804 1803 poll·

67 1826 154 1887 quam
173 1820 265 1868 autern
290 1805 457 1867 dubitatione
476 1808 523 1868 sui.
539 1807 674 1866 sociorum
699 1807 808 1865 animos

68 1886 253 1962 huguefcere,
267 1887 355 1948 hostes
369 1889 398 1950 in
410 1889 485 1967 spem
498 1888 577 1961 erigi,
598 1887 741 1968 duriusque
755 1887 805 1946 nbi

69 1968 174 2029 bellum
188 1989 253 2029 cum
269 1969 371 2046 inopia,
392 1969 475 2048 quim
493 1991 558 2029 curn
574 1970 664 2028 Poenis
680 1970 805 2029 futurum

68 2049 202 2122 arbitrati,
222 2063 360 2110 certamen
381 2050 528 2110 detredlare
548 2048 701 2118 desierunts
723 2051 805 2108 Han-

68 2150 106 2192 uo
121 2131 234 2195 viciflirn
252 2129 417 2202 tergiversari
433 2130 527 2207 coepit,
549 2134 574 2185 &
591 2130 683 2186 omnia
697 2146 803 2187 metue-

70 2231 110 2274 re.
141 2212 210 2272 Duo
223 2212 326 2270 menses
338 2212 375 2270 stc
389 2210 485 2283 erasti,
499 2226 530 2267 ut
544 2224 642 2286 praeter
653 2209 723 2268 levia
734 2231 806 2287 prae·

70 2294 117 2366 lia,
139 2313 201 2371 quae
219 2292 317 2352 fiebant
332 2290 465 2372 qnotidie,
486 2289 554 2348 nihil
571 2290 680 2367 majoris
698 2292 743 2349 rei
757 2310 805 2363 ge·

71 2389 186 2434 leretur.

112 2453 200 2515 LVI.
223 2454 272 2513 Ad
290 2467 443 2515 extremum
462 2452 646 2531 frequentibus
661 2451 805 2511 Annibalis

70 2533 683 2686 liiii„iiicanmridulliiamssiiii
695 2533 807 2672 llll:

71 2696 188 2775 amplius
203 2696 305 2757 obfellis
320 2696 427 2755 tolerari
438 2714 494 2754 non
508 2695 592 2772 polle,
612 2694 763 2770 multosque
776 2695 807 2750 εἰ

71 2779 144 2855 peste
156 2779 264 2838 mastos
276 2778 312 2837 ad
325 2777 428 2835 hostem
440 2775 616 2846 transfugere,
636 2774 805 2832 dimicationi

72 2877 181 2916 murm
195 2858 307 2919 ulterius
320 2857 421 2924 nfflatn
440 2857 533 2914 afferre
547 2855 684 2913 decrevit:
706 2853 806 2912 eodem

72 2953 199 3014 ternpore
214 2940 348 2999 Annibale
366 2957 475 3016 quoque
488 2955 552 2995 cum
566 2935 617 2993 suis
635 2934 805 3011 eruptionem

74 3035 109 3076 ex
129 3016 197 3078 urbe
214 3020 326 3082 faltsrro.
368 3021 439 3098 Qae
457 3038 544 3097 quum
563 3015 806 3078 animadvertillent
