1956 3736
167 147 356 208 Susrusn.
380 145 683 211 L.XII.L1vrsu'.'
751 169 787 228 23

60 274 149 333 omnia
164 271 238 330 nulli
252 272 324 332 certi
337 273 510 336 destinatione
523 289 663 348 vagantur,
684 276 712 344 iit
728 275 788 334 Do·
797 282 827 327 U.
840 285 868 331 c.

60 357 167 414 mitium
181 353 319 413 consulem
333 356 471 416 incidunt:
493 357 665 435 protinusque
677 376 743 415 cum
756 377 790 414 eo
808 348 865 406 469·

58 435 201 493 conserunt
215 453 319 494 manus.
357 435 412 493 Sed
424 436 549 495 adversis
564 439 696 495 rationem
709 450 789 514 atque
798 415 864 524 ⁵25⁰:

57 515 237 593 disciplinam
251 515 344 572 infelix
369 518 502 574 temeritas
528 519 590 576 suit.
632 517 736 576 Occisis
761 520 790 575 in

57 597 149 672 praelio
170 592 276 664 multis,
301 595 397 672 reliqui
416 596 598 673 desperatione
617 611 697 674 atque
716 597 790 657 rabie

57 674 170 744 secenfi,
192 673 306 744 ferrum,
328 675 403 751 quod
421 677 514 733 frustra
529 677 558 733 in
576 678 663 734 hostes
679 679 789 736 strinxe·

57 769 123 826 rant,
149 754 204 810 suis
220 754 381 831 corporibus
398 756 586 814 admoverunt.
629 757 673 813 Ita
691 756 789 815 floren-

57 835 180 892 tissimam
193 830 280 890 modo
292 836 428 894 nationem
443 835 480 893 ob
493 835 576 892 scelus
590 836 790 896 interfectorum

57 913 209 985 legatorum
234 927 290 971 tam
314 915 396 972 velox
422 929 532 992 tamque
553 916 699 973 vehemens
723 916 792 975 ultio

56 994 275 1072 comprehendit,
290 1007 321 1051 ut
332 995 435 1074 aliquot
446 995 578 1054 menslum
590 995 729 1053 intervallo
743 1016 791 1072 pe·

56 1077 126 1134 uitus
141 1074 240 1146 excisa,
261 1075 447 1147 intingentes,
468 1095 583 1154 quarum
597 1079 658 1152 jura
672 1071 792 1133 violave·
830 1091 833 1100 ·

56 1169 103 1225 rat,
120 1156 258 1212 nmneran'
270 1154 385 1214 desierit.
421 1157 497 1215 Nam
511 1161 537 1213 sc
549 1176 639 1232 parvae
652 1157 791 1214 Senonum

57 1235 187 1311 reliquiae,
207 1254 269 1312 quae
285 1234 321 1291 acl
338 1236 431 1308 Boios,
452 1238 569 1294 vicinam
589 1242 614 1294 δι
631 1235 790 1308 consangui-

55 1332 135 1372 neam
148 1328 271 1386 gentem,
288 1313 313 1372 se
326 1330 489 1394 receperant,
507 1316 605 1374 eodem
617 1337 687 1375 anno
702 1314 716 1374 ἒ
729 1319 790 1375 Do·

55 1393 150 1453 labella
164 1394 272 1452 consule
286 1397 467 1454 internecione
482 1396 580 1454 deletae
592 1397 660 1456 sunt.
696 1399 791 1475 qum

56 1477 129 1545 enim
142 1476 284 1533 atrocitate
301 1476 420 1534 cladium
436 1478 552 1547 suarum,
574 1483 599 1533 tc
612 1477 731 1553 ejusdem
744 1498 790 1534 ca·

55 1553 287 1628 lanlitatismetu,
309 1557 392 1614 Boios
412 1557 587 1634 Etruscosque
606 1557 789 1627 emisissent,

56 1635 88 1692 sd
102 1632 223 1706 'lacum‚
252 1637 300 1713 qui
319 1637 484 1695 Vadimonis
508 1637 669 1714 appellatur,
701 1638 792 1712 pugni

56 1714 210 1787 commisti,
234 1730 347 1787 magnus
366 1718 539 1777 Etruscorum
560 1735 688 1774 numerus
709 1715 791 1772 caesus
886 1767 887 1773 ,

54 1797 101 1866 est,
125 1797 189 1853 -Boii
210 1799 337 1874 perpauci
359 1799 522 1870 effugerunt,
548 1798 686 1855 Senonum
708 1808 791 1854 omne
828 1797 831 1802 ’

55 1875 327 1952 nomenitaperiit,
350 1892 381 1935 ut
402 1898 484 1936 nemo
503 1877 632 1955 superesse
651 1890 791 1955 putaretur

56 1968 145 2014 exten
166 1968 256 2027 gente,
281 1970 349 2034 'quae
366 1959 485 2016 Romam
502 1960 602 2016 urbem
622 1958 787 2017 incenderat.

22 2067 24 2071 >
57 2034 164 2093 Sub-vid
180 2049 289 2112 ternpus
306 2032 404 2095 senam
421 2038 558 2096 coloniam
575 2033 720 2095 dedut‘lsm
737 2038 790 2094 effe

56 2130 123 2174 vero
137 2118 256 2194 'propius
270 2115 395 2189 uidetur,
441 2138 488 2186 uo,
514 2116 646 2172 Romanis
666 2116 791 2172 uniuersi

56 2198 167 2268 regione
186 2196 413 2274 potitissnomen
421 2139 608 2255 ‘Senonumtn
623 2213 654 2250 ea
670 2208 743 2270 parte
759 2193 791 2251 1-

56 2279 123 2336 tallae
138 2276 261 2335 funditis
275 2279 385 2337 interiit.

97 2359 139 2416 V.
162 2357 271 2415 Etmsci
291 2372 382 2416 tamen
403 2356 532 2432 Boiique,
557 2355 682 2431 sequente
704 2351 791 2410 statim

59 2450 139 2510 anno,
160 2449 247 2514 quum
260 2449 294 2495 ex
307 2440 340 2495 iis
352 2439 400 2516 qui
413 2437 527 2515 puberes
542 2435 642 2492 interea
656 2433 717 2490 sasli
731 2432 791 2490 fue·

61 2531 128 2589 rant,
139 2518 516 2595 '‘exercitumrsupplevissent,
537 2517 635 2574 itemm
654 2514 790 2571 fortunam

61 2595 423 2673 pugnastmra‘resuntaufi.
455 2599 538 2661 *Tum
555 2598 637 2666 igitur
652 2593 870 2670 {1³QAE··U.c.'

61 2674 608 2755 mli0=tapo·viltos·1fuilseteredidertm.
633 2715 635 2719 «
650 2675 743 2746 Hujus
761 2691 790 2726 e·
808 2675 866 2722 470·

62 2757 330 2817 omracstbrrcii
343 2757 492 2816 consulatus
506 2756 609 2832 primns
623 2773 687 2809 eum
701 2753 730 2807 in
744 2770 790 2807 an-
799 2728 866 2839 Δίες·

63 2854 126 2898 num
142 2839 260 2909 meldin-
272 2840 397 2922 Papoque
412 2836 578 2913 provinciam
592 2833 728 2889 Etruriam
742 2831 791 2890 ob·
816 2905 817 2908 ¹
856 2821 864 2842 ⁸

64 2918 159 2978 tertiffe
175 2921 287 2980 constat.
323 2919 376 2977 Sed
395 2919 424 2975 in
442 2915 573 2993 plerisque
592 2912 728 2970 annalibus
744 2915 792 2990 qui
832 2946 834 2951 v

65 2998 150 3062 adlsuc
170 2999 307 3073 leguntur,
327 3019 417 3059 rerum
434 2997 541 3057 istarum
558 2994 689 3056 memoria
704 2997 792 3073 maio·
