1956 3736
165 137 694 204 Sussnsrr.L.XVI.L1r1au.
741 164 795 224 ¹33

59 289 138 341 nem,
159 270 212 330 alio
230 269 312 349 quim
330 271 477 348 speraverat
493 285 603 342 eventu,
624 274 796 352 comprobat.

61 352 94 410 N
95 372 140 409 am
152 367 215 410 ante
229 373 348 429 pugnam
360 352 513 409 immolanti
527 365 600 410 vates
612 353 736 430 inspeslis
750 377 798 414 ex·

60 432 96 489 tis
113 433 299 510 promiserant,
312 434 378 508 fore
392 444 422 488 ut
436 436 465 488 in
484 433 573 506 castris
586 433 716 509 hostilibus
732 449 797 511 per-

59 519 189 573 nollmt.
211 513 241 571 id
258 513 304 571 ille
323 515 352 570 in
372 513 583 589 spemvieloriae
601 516 719 586 trahens,
740 515 797 576 serti

59 591 232 669 se'mbigul
254 593 435 671 praedidlionis
455 593 674 670 interpretatione
696 597 799 676 decep·

32 692 36 699 ’
59 687 121 744 tum
135 675 257 744 agnovit.
292 673 527 744 Hacaegritudine
540 675 690 748 confectus,
711 698 806 756 quum

59 754 190 832 postridie
204 756 275 813 inter
287 774 372 832 equos
386 755 509 831 captivos
526 774 591 814 eum
605 755 720 829 videret,
741 778 802 835 quo

59 833 133 892 filius
155 835 298 913 inpraelio
318 837 379 895 usus
398 834 494 906 fuerat,
520 835 594 894 bunc
613 836 700 905 etiam,
715 857 798 899 oceu-

16 923 18 927 ’
60 913 147 993 buisse
165 917 329 991 conjeuans,
350 915 435 975 fasciis
456 914 636 994 fomentisque
654 917 800 979 vulnerum

28 1017 31 1023 ·
59 994 170 1073 revulsis
184 995 307 1075 spiritum
323 995 511 1068 indignantem
525 995 630 1056 effudit.
673 998 805 1067 Mamer·¹

58 1076 132 1135 tinos
146 1076 224 1136 clade
236 1075 376 1155 comperti
389 1076 569 1153 desperantes,
582 1079 695 1156 jamque
709 1079 804 1145 vidos

58 1155 89 1214 ri-
100 1177 168 1216 eum
186 1158 278 1216 insulis
297 1158 449 1236 supplicum
467 1158 634 1234 occursuros,
654 1179 690 1218 ex
704 1159 798 1240 inopi·

57 1249 126 1316 nato
139 1237 246 1299 fortuna
257 1239 379 1300 servavit.

63 1346 83 1369 .·
99 1317 225 1379 XVIII.
238 1319 321 1378 Forte
330 1319 378 1384 sub
389 1319 464 1380 idem
478 1334 585 1398 tempus
598 1321 718 1380 Annibal
729 1321 797 1384 car-

56 1397 265 1473 thaginiensium
282 1413 383 1478 praetor
395 1402 425 1458 in
438 1402 625 1479 Liparaeorum
640 1398 735 1474 agebat
751 1404 796 1462 in·

56 1479 132 1551 sniis,
154 1501 216 1558 quae
238 1482 336 1540 Siciliae
355 1481 487 1557 adjacent.
513 1482 536 1539 is
554 1483 645 1540 auditi
664 1484 804 1554 Hieronis¹

56 1561 184 1633 vidlorii,
204 1578 328 1624 metuens
348 1583 383 1620 ne
401 1561 575 1620 Mamertinis
595 1565 701 1639 penitus
722 1564 803 1634 exeis
889 1626 891 1630 ,

55 1641 91 1701 sia
108 1642 271 1720 Syracusana
290 1642 411 1721 potentia
425 1641 583 1712 Carthagini
602 1643 690 1713 gravis
709 1648 735 1700 δι
752 1643 799 1699 in·-

55 1721 197 1782 toleranda
208 1725 295 1796 fieret,
316 1724 402 1802 specie
420 1722 576 1796 gratulantis
590 1723 626 1780 ad
640 1723 799 1782 Hieronem

56 1803 140 1864 ocius
165 1805 242 1864 venit
256 1827 270 1885 :¹
295 1824 413 1884 eumque
441 1816 560 1862 moratus
582 1823 619 1860 ne
648 1804 735 1861 statim
759 1806 796 1863 sd

56 1885 211 1944 Messanam
232 1885 360 1953 duceret,
384 1882 480 1940 urbem
504 1884 631 1955 ingressus
652 1885 689 1942 est
707 1885 794 1961 prior,

56 1966 292 2044 Mamertinosque
309 1962 478 2022 deditionem
496 1962 584 2022 facere
598 1964 719 2024 volentes
737 1961 795 2025 non

55 2045 145 2119 modo
159 2045 249 2105 verbis
258 2044 305 2106 ad·
315 2045 390 2123 spem
404 2043 555 2102 'retinendae
569 2044 698 2102 libertatis
712 2065 795 2103 revo-

54 2128 141 2198 cavit,
172 2126 208 2186 ed
223 2127 306 2187 etiam
322 2123 477 2202 praesidium
495 2121 603 2180 suorum
618 2124 736 2182 militum
751 2125 805 2197 in·¹

38 2207 192 2280 trudunt.
236 2206 325 2271 Hiero
351 2203 442 2262 astutiis
461 2202 539 2260 Poeni
557 2203 583 2259 se
605 2203 727 2260 delusum
751 2205 795 2262 in.

56 2289 195 2360 telligens,
215 2308 302 2365 quum
317 2285 352 2342 ad
365 2283 532 2342 obsidionem
543 2284 601 2358 jam
615 2283 798 2358 difficiliorem

55 2364 179 2429 futuram
193 2367 267 2426 haud
281 2367 348 2433 ,satis
369 2381 475 2443 paratus
497 2363 570 2435 esset,
593 2364 730 2440 Syracusas
753 2384 796 2423 re·
819 2399 822 2404 ·

56 2451 128 2509 diit:
150 2449 330 2526 exceptusque
345 2446 442 2517 magnai
460 2445 582 2519 omnium
601 2445 702 2517 laetitii,
723 2445 799 2510 &ab

56 2529 189 2590 universis
208 2528 293 2605 copiis
314 2547 362 2586 rex
381 2527 553 2597 acclamatus,
574 2528 663 2603 postea
685 2546 797 2605 quoque

51 2610 162 2670 'nomen
174 2609 244 2669 istud
255 2608 358 2668 civium
371 2624 598 2685 externorumque
613 2608 738 2666 consensu
750 2627 795 2665 re-

57 2705 149 2752 tinuit.

67 2821 69 2825 .
99 2772 183 2831 XIX.
213 2770 339 2830 Hierone
359 2768 486 2840 digresso,
512 2767 682 2837 Mamertini,
710 2785 796 2842 quum

57 2851 189 2911 fiduciam
206 2851 336 2929 paulisper
351 2847 554 2926 resumpsissent,
576 2846 611 2905 de
627 2847 706 2904 rebus
724 2866 794 2924 prae-

58 2932 178 2994 sentibus
197 2931 383 3001 deliberantes,
405 2930 472 2987 duas
494 2927 670 2986 insaniores
691 2927 796 2987 scindes

58 3013 168 3080 bantur.
204 3012 264 3074 Alii
283 3032 332 3081 nass
354 3011 401 3090 effe
422 3009 588 3085 dubitandum
610 3008 809 3087 autumabant,
