1956 3736
319 60 361 141 9⁸.
474 56 903 137 J.Fesrnsn·1urt

226 205 298 252 mc.
319 200 359 259 te,
384 202 484 248 ceteras
506 183 607 245 belluas
629 202 725 242 omnes
747 182 896 243 turbaverit
914 200 974 243 ινα

226 284 296 386 ἕξ
319 289 486 408 queXXXII.
507 304 613 417 Magna
632 364 664 403 ea
683 363 773 423 pugna
792 348 818 402 δι
836 364 954 403 numero

238 413 295 461 ⁸75⁸
319 450 391 501 rutn,
412 434 438 486 &
452 428 574 486 vidioriae
595 426 684 485 fructu
703 425 763 484 suit.
786 439 846 484 tum
866 426 941 485 enirn
961 426 974 483 d

316 512 402 568 latum
423 508 460 566 est
481 529 546 568 cum
569 507 686 585 Pyrrho,
712 527 800 585 neque
821 508 905 564 ceteri
927 506 974 567 dci

317 590 380 649 Itali
398 589 457 661 diu,
478 609 567 668 neque
585 588 645 666 post
660 588 777 659 Italiam,
798 587 857 645 aliae
875 588 974 647 natione

315 671 414 750 gesque
435 672 595 729 restiterunt.
639 669 741 746 Triplo
760 670 893 744 majorem
913 670 974 747 ed}

315 772 464 813 numemm
484 752 513 811 in
534 750 614 823 regiis
636 750 755 829 partibus
775 749 912 809 dimicasse
934 750 974 809 tr'e

315 834 456 906 octoginta
468 834 541 893 enim
554 830 689 911 peditum,
702 830 746 889 sex
757 830 881 911 equitum
892 830 974 889 millis

316 916 359 974 sc:
382 934 417 974 ert
430 914 473 973 his
486 914 533 994 qui
547 912 706 991 plurimum,
727 911 771 970 sex
784 917 810 969 &
825 911 936 983 triginta
951 933 974 971 rr

315 996 366 1073 qui
386 996 544 1066 minimum,
568 993 613 1052 sex
634 998 659 1050 ἀ
676 991 773 1063 viginti
795 993 859 1051 caesa
879 1013 974 1051 memo

315 1091 411 1153 captos
437 1075 513 1134 mille
538 1088 689 1144 trecentos,
717 1092 782 1131 cum
803 1073 953 1151 elephantis

317 1157 437 1234 Pyrrhus
457 1176 522 1215 cum
546 1155 639 1231 paucis
657 1152 793 1231 equitibus
812 1154 969 1213 Tarentum

314 1230 383 1307 git!
409 1238 496 1313 Capta
509 1236 568 1310 ejus
581 1235 663 1293 castra
676 1233 847 1293 admirationi
864 1234 943 1293 suisse
958 1236 974 1293 d

315 1332 370 1388 tur,
392 1321 417 1373 ἀ
438 1317 467 1374 in
486 1316 624 1394 posterum
642 1315 710 1375 usui,
752 1315 913 1395 Antiquitus
934 1317 974 1375 em'

318 1397 450 1469 Romans,
471 1402 497 1454 δι
510 1397 556 1456 alii
569 1395 664 1474 populi
677 1395 758 1454 castra
772 1396 863 1475 passm
877 1416 927 1474 per
941 1417 974 1457 eo

316 1478 473 1537 cohortium
493 1478 663 1549 constituere,
684 1476 863 1555 mapaliorum
883 1479 912 1534 in
936 1496 974 1537 mt

316 1559 446 1621 solebant.
480 1560 587 1619 Primus
605 1573 694 1617 totum
710 1559 859 1617 exercitum
876 1558 974 1636 Pyrrht

316 1641 416 1700 mensts
437 1642 488 1701 rite
509 1641 596 1718 spatiis
616 1640 663 1698 sub
686 1639 786 1699 eodem
802 1638 875 1697 vallo
896 1641 974 1700 conti

316 1722 422 1781 fertur:
451 1736 533 1800 atque
553 1721 602 1779 illo
623 1721 753 1799 exemplo
771 1720 879 1798 adjutos
900 1721 974 1781 Rom

316 1801 416 1859 additis
436 1821 497 1878 quae
517 1821 551 1858 ex
571 1800 618 1859 usu
636 1798 802 1874 viderentur,
823 1801 858 1860 ad
877 1802 974 1861 metati

315 1878 474 1952 castrorum,
495 1900 578 1957 quam
591 1879 762 1958 sequentibus
779 1882 974 1963 temporibus]

312 1961 456 2021 dlislimam
470 1960 599 2034 habuere,
620 1961 778 2039 pervenisse.

360 2042 508 2103 XXXIII.
535 2042 594 2102 Hic
613 2062 712 2114 annus,
738 2040 875 2120 republical
896 2043 964 2106 belli

316 2122 388 2183 clare
402 2123 569 2203 feliciterque
583 2123 664 2196 gesti,
682 2122 835 2182 domesticis
848 2144 962 2205 quoque

316 2212 343 2263 &
361 2204 474 2265 notabili
494 2205 632 2265 severitate
654 2204 799 2282 disciplinae
817 2206 929 2264 urbanae
949 2206 974 2267 ill

315 2285 378 2346 fuit.
416 2285 609 2367 QFabricius
629 2285 770 2360 Luscinus,
793 2286 974 2363 QAEmiliut

314 2386 377 2442 pus,
398 2366 565 2424 concordem
585 2367 723 2426 censuram
743 2384 932 2429 exercuerunt.
959 2392 974 2431 r

314 2448 379 2523 equi
393 2444 495 2522 publici
513 2447 633 2526 adempti
647 2447 724 2515 sunt3
746 2446 857 2524 quidam
871 2450 974 2509 etiami

313 2543 379 2586 natu
401 2525 517 2598 legendo
538 2527 674 2604 praeteriti.
717 2528 771 2587 Sed
795 2527 916 2587 maxime
942 2530 974 2589 in

313 2608 349 2667 ad
363 2607 525 2667 memoriam
541 2608 570 2665 P.
586 2608 707 2667 Cornelii
721 2608 815 2667 Rufini
828 2624 894 2667 nota
908 2610 972 2673 suit.

313 2691 447 2751 consul&
463 2688 577 2747 dislator
594 2688 690 2761 suerat,
711 2689 840 2768 rebusque
858 2693 966 2764 magnis

313 2773 390 2804 mm..
404 2769 615 2804 ..sumtu-mm·
656 2770 740 2804 Una„
755 2769 836 2804 Insm-
849 2771 940 2804 samo„
955 2795 974 2804 .-
