1956 3736
168 177 205 238 72
313 159 736 221 ,Enranarrorrna

75 290 105 337 1·
119 302 149 350 41
166 304 228 361 rum
255 287 334 363 etiam
356 286 403 363 qui
423 284 530 357 longina
553 286 652 343 remoti
673 297 762 356 erant,
790 282 898 342 ruinam

106 366 129 400 ¹·
168 367 256 425 traxit.
286 366 472 425 Macedonum
485 365 598 423 exitium
611 365 697 420 secuta
711 385 778 421 curnv
787 364 898 421 Achaeir

167 447 322 517 Carthago:
352 460 432 523 atque
453 444 552 502 horum
574 443 693 501 cladibus
715 444 844 501 convulso
867 463 898 499 o-

166 527 271 584 mnium
289 526 365 594 statu,
390 525 492 601 reliqua
510 526 568 600 jam
590 523 711 599 imperia,
732 521 898 600 aliquamdiu

166 601 294 677 obnoxia,
317 605 374 681 post
394 605 475 681 paulo
496 604 596 672 eversa,
616 604 644 660 in
667 605 825 660 Romanurn
846 603 898 660 im·

133 740 136 746 ,
164 687 272 763 perium
293 685 389 742 cunila
408 684 546 742 celserunt.
580 685 673 760 Atque
692 684 761 753 haec,
782 696 813 740 ut
832 681 898 739 loen

168 765 386 922 ldissliiiliss
404 763 615 921 {iffl’riil‘
627 760 898 901 &illibi-id}

171 945 237 983 mox
260 926 392 983 Romania
413 922 428 982 ri
450 923 544 982 Perseo
565 922 678 991 bellum,
699 921 771 979 unde
793 921 898 979 initium

171 1005 290 1064 maxime
310 1004 445 1062 crescendi
469 1025 511 1061 rea
533 1004 666 1061 Romanae
688 1021 791 1078 cepere.
828 997 898 1059 Inar

171 1086 274 1145 bellum
289 1100 353 1143 tunc
373 1083 505 1160 coquebat
522 1083 661 1140 occultum
676 1081 800 1141 Perseuar
822 1079 898 1139 neef-

170 1164 260 1222 sebant
274 1165 360 1234 magis
372 1162 454 1240 quam
466 1163 625 1220 exercebant
634 1163 759 1221 Romana
770 1178 845 1218 arma
853 1158 898 1223 Li·

171 1264 250 1314 gurer
266 1250 291 1300 δι
306 1243 391 1301 Galli.

214 1344 241 1383 2.
265 1323 308 1379 M.
323 1323 406 1398 Junio
422 1323 517 1390 Bruto,
536 1322 574 1379 A.
586 1320 694 1381 Manlio
708 1319 825 1379 Vrdl'oni
837 1338 898 1382 con«

171 1402 269 1476 solibus
290 1401 405 1460 decretae
424 1421 490 1472 ergo
511 1401 658 1478 provinciae
679 1401 748 1472 suat,
770 1401 898 1463 Galla&

173 1484 309 1554 Ligures:
332 1481 439 1540 Manlio
462 1481 564 1552 Gallia,
587 1481 670 1557 Junio
693 1481 811 1551 Ligures
833 1480 898 1555 obli·

173 1583 245 1634 gere.
280 1561 458 1631 Praetoribns·‚
486 1563 532 1621 M
549 1560 659 1621 Titinio
679 1561 774 1624 Curvo
794 1560 898 1631 urbm

173 1643 225 1709 Ti.
243 1641 359 1700 Claudio
382 1642 489 1701 Neroni
512 1642 653 1719 peregrina
670 1639 821 1716 jurisdictio
841 1660 898 1701 evo

174 1724 234 1781 nit:
252 1723 291 1780 -Ρ,
307 1723 385 1780 AElio
408 1723 501 1792 Liguri
519 1722 618 1791 Sicilia,
639 1721 680 1778 T.
697 1720 814 1779 AEbutio
834 1721 898 1783 cm

175 1803 309 1860 Sardinia:
327 1803 372 1860 M.
381 1801 488 1858 Titinio
506 1800 656 1871 (duoenim
669 1799 898 1878 M.Titinii-prn

175 1896 265 1953 turam
283 1880 337 1936 hoc
359 1900 433 1937 anno
454 1879 604 1950 gellenrnt)
635 1880 764 1957 Hispania
782 1881 895 1941 citerioe

174 1959 216 2023 T.
229 1959 345 2017 Fonteio
366 1959 493 2035 Capitoni
514 1959 634 2017 ulterior.
669 1959 834 2019 Incendium
853 1961 898 2023 eit·

174 2059 209 2098 ca
219 2039 311 2097 forum
326 2053 416 2097 ortum
433 2039 480 2110 est,
498 2059 553 2116 quo
566 2044 592 2096 δι
606 2039 723 2115 plurima
734 2040 826 2105 deusta
838 2039 898 2101 sunt

176 2125 203 2179 δι
211 2118 328 2177 Veneria
338 2119 409 2176 aedea
423 2119 476 2177 line
488 2119 546 2177 ullo
557 2119 668 2190 vestigio
679 2134 803 2179 cremata.
819 2120 898 2180 Vesta

211 2200 318 2259 netralia
333 2200 402 2272 ignia
418 2201 570 2259 arrianus.
598 2201 687 2270 Virgo
701 2202 777 2276 cujua
790 2199 898 2262 custodi

176 2221 275 2352 idern,
293 2281 364 2357 jullu
382 2281 429 2340 M.
444 2279 553 2339 AEmilii
574 2280 708 2357 pontificia
729 2279 843 2342 maximi
860 2279 898 2340 fla

177 2381 229 2437 gro
244 2362 322 2420 caesa:
338 2367 363 2418 dr
374 2361 576 2438 supplicationes
591 2360 626 2418 dc
639 2381 716 2420 more
729 2360 828 2418 habitae
840 2359 898 2421 luna

179 2441 307 2497 Lustrum
321 2442 374 2497 hoc
388 2460 458 2496 anno
470 2439 484 2498 i
497 2440 648 2499 censoribus
664 2442 709 2500 M.
720 2440 839 2501 AEmilio
854 2440 898 2501 Le

178 2517 255 2592 pido,
271 2519 315 2576 M.
326 2519 422 2576 Fulvio
439 2519 584 2578 Nobiliore
599 2522 740 2579 conditum
754 2521 801 2580 est.
826 2521 898 2581 Geni

178 2597 236 2655 sunt
251 2597 352 2654 civium
370 2598 456 2674 capita
473 2599 589 2658 ducenta
606 2600 770 2679 septuaginta
783 2601 835 2660 tria
848 2600 898 2660 mil

179 2677 214 2735 lia
229 2676 344 2736 ducenta
358 2677 668 2757 quadragintaquatuor.
692 2740 704 2757 ,
796 2691 798 2695 ”

222 2778 254 2835 3.
272 2759 369 2831 Legati
388 2757 403 2816 Ξ
421 2759 516 2818 Perseo
536 2761 723 2819 Macedonum
743 2781 806 2832 rege
828 2781 898 2823 vene

180 2856 252 2911 runt,
268 2838 430 2917 postulantes
441 2855 471 2898 ut
483 2861 530 2898 rex
544 2841 715 2918 sociusque&
725 2843 828 2900 amicus
843 2841 898 2902 alfe

179 2932 243 2975 natu
257 2920 444 2995 appellaretur,
465 2921 603 2998 foedulque
618 2942 682 2979 cum
694 2940 739 2991 eo,
757 2922 835 2998 quod
848 2942 898 2981 eun

181 2995 307 3075 Philippo
321 3015 396 3077 patre
408 3001 466 3077 ejus
481 3001 580 3074 fuerat,
598 3015 780 3062 renovaretur.
815 3003 898 3080 sarpa
