1956 3736
203 177 392 238 Surenam.
416 178 528 240 LXX.
551 177 709 239 Lrvrau.
765 181 823 257 267

88 303 125 362 ad
139 304 275 363 fortunam
290 305 427 384 publicam
440 306 578 366 reserenda
590 307 736 367 videretur.
771 308 822 366 Ille
832 327 862 371 υ.
873 329 903 373 e.

88 384 165 441 enim
182 385 274 443 audito
294 386 352 462 post
369 387 489 463 primum
508 403 644 446 certamen
660 388 758 446 auxilia
775 388 823 446 fibi
841 403 896 444 5¹⁴·

88 463 125 522 ab
145 465 210 524 urbe
232 464 341 536 adduci,
367 467 535 524 confirmavit
546 466 579 543 se
598 469 675 526 malle
694 487 750 525 cam
763 457 859 542 saisl-
871 457 904 498 ⁰·

87 548 262 603 internecione
274 546 364 614 deleri,
386 545 464 621 quim
478 546 566 604 alieni
579 562 622 625 ope
635 553 758 606 vincere:
780 565 821 606 at·
840 519 897 580 ²3⁸*

87 644 142 701 que
157 626 210 683 hoc
225 627 304 684 oestro
316 626 462 697 instigatus,
477 627 555 705 seque
570 635 595 686 dr
607 630 755 686 exercitum
765 649 820 705 po-

85 704 146 780 puli
166 707 284 764 Romani
303 707 331 763 in
352 706 494 764 discrimen
515 708 601 771 dedit.
634 709 737 766 Melior
758 710 820 766 feli-

86 784 199 862 ciorque
215 787 263 844 Ti.
278 787 407 844 Graccho
421 787 449 843 in
466 789 612 857 Liguribus
629 788 821 846 administratio

86 862 152 921 belli
166 865 227 923 suit.
248 867 397 943 profligatis
415 867 488 924 enim
503 868 596 942 praelio
610 868 739 938 hostibus,
761 889 821 924 ma-

86 962 169 1014 gnam
185 947 304 1016 Liguriae
319 961 423 1021 partem
437 948 525 1002 vidior
539 947 681 1023 populatus
696 948 740 1004 est.
777 948 820 1006 Ex
910 971 912 975 ·

86 1024 200 1096 Liguria
215 1027 314 1084 deinde
328 1025 467 1084 transmisit
482 1027 511 1082 in
526 1025 676 1083 Sardiniam
690 1031 714 1082 Sa
728 1025 819 1082 Corsi-

85 1124 157 1176 cam,
167 1107 316 1184 magnique
330 1104 394 1163 inde
406 1105 576 1181 captivorum
590 1104 763 1177 multitudine
776 1126 819 1163 re-

85 1187 201 1264 portati,
221 1188 315 1244 locum
334 1187 478 1262 proverbio
497 1184 584 1257 dedit,
605 1205 661 1264 quo
677 1185 757 1242 Sardi
773 1205 820 1244 ve-

84 1267 158 1324 nales
172 1267 307 1336 dicuntur,
329 1267 358 1323 in
371 1266 500 1325 fastidiosa
514 1287 606 1325 rerum
618 1265 715 1331 vilium
731 1266 819 1344 copia.

79 1383 81 1387 ν
129 1346 186 1403 IV.
208 1346 348 1416 Ceterum,
368 1361 398 1402 ut
413 1367 474 1404 vera
492 1348 633 1420 fateamur,
654 1347 820 1424 occupanda

87 1424 216 1482 Sardiniae
229 1425 399 1501 Corsicaeque
411 1424 482 1483 bona
495 1429 580 1497 magis
594 1425 697 1484 occasio
712 1441 818 1503 tempo

85 1505 162 1564 ribus
180 1504 244 1575 istis,
265 1503 347 1582 quim
366 1505 434 1578 justa
454 1506 529 1563 causa
547 1507 642 1563 adsuit.
676 1507 820 1576 Carthagi-

78 1583 189 1642 nienses
199 1585 256 1661 post
268 1603 364 1661 pacem
372 1584 489 1642 Siculam
502 1586 576 1655 gravi
586 1585 657 1642 bello
671 1604 735 1642 cum
747 1605 821 1643 mer-

83 1665 199 1723 cenariis
218 1664 269 1721 suis
288 1662 429 1740 implicati,
450 1664 484 1721 ad
502 1677 621 1722 extrema
641 1664 760 1740 pericula
773 1684 821 1722 ve·

84 1759 188 1803 nerant.
229 1743 315 1802 Unde
335 1743 446 1819 sumptis
469 1744 566 1802 animis
589 1743 748 1802 condueiitii
771 1763 820 1802 eo·

76 1846 148 1884 ‚rum
166 1825 212 1883 alii
231 1827 278 1902 qui
298 1845 348 1902 per
367 1825 516 1882 Sardiniam
536 1827 565 1884 in
585 1823 713 1903 praefidiis
731 1839 818 1898 erant,

85 1905 221 1963 Bostarem
232 1907 380 1965 Poenorum
394 1906 494 1965 ducem
506 1927 569 1966 cum
581 1906 633 1978 suis
643 1904 816 1965 interfecere:

75 1985 254 2042 Hannonem
270 1987 354 2044 alium
370 1985 469 2045 ducem
488 1988 523 2045 ad
536 1986 731 2046 vindicandum
748 1985 817 2046 saei-

84 2083 136 2121 nua
152 2064 313 2135 Carthagine
327 2065 445 2135 missum,
465 2068 598 2141 pertradio
616 2067 646 2122 in
663 2058 818 2125 societatem

83 2144 239 2202 rebellionis
258 2144 376 2201 exercitu
391 2147 459 2218 ejus,
474 2144 698 2220 comprehensum
712 2143 742 2199 in
756 2162 818 2203 cru·

84 2245 146 2282 cem
159 2245 255 2295 egere:
278 2223 387 2298 totique
404 2223 494 2300 palllm
508 2222 590 2280 insuli
605 2223 700 2280 Punici
714 2221 819 2292 sangui-

83 2306 127 2362 nis
141 2305 297 2362 hominibus
310 2303 478 2380 interemptis
493 2302 541 2378 ipsi
555 2304 658 2360 munita
672 2300 732 2359 loca
745 2302 820 2361 obti-

83 2401 219 2442 nuerunt:
241 2385 329 2441 donec
349 2382 480 2442 discordiis
498 2383 568 2440 inter
587 2383 656 2460 ipsos
675 2388 702 2439 δι
720 2381 821 2441 Sardoa
875 2448 885 2461 p

83 2465 152 2534 orti,
174 2464 241 2541 pulsi
253 2466 287 2522 ab
299 2464 352 2534 his,
373 2464 402 2520 in
415 2462 521 2520 Italiam
533 2462 558 2521 se
570 2483 704 2541 recepere.
739 2462 819 2522 Tum

84 2545 165 2614 igitur
183 2544 362 2619 perfecerunt,
383 2543 459 2618 quod
472 2543 607 2620 aliquanto
625 2543 710 2622 priris,
731 2563 818 2622 quum

84 2622 173 2679 adhuc
195 2625 223 2679 in
242 2623 362 2681 Sardinia
382 2623 474 2693 eliens,
493 2624 677 2700 nequiverant.
699 2644 761 2682 nam
783 2644 819 2682 eo

84 2721 194 2779 quoque
213 2718 335 2778 tempore
351 2704 493 2761 Romanos
507 2702 647 2762 ad'insulae
664 2703 819 2764 dominium

84 2781 274 2855 occupandum
295 2783 481 2840 invitaverant.
518 2783 571 2840 Sed
591 2784 743 2858 praesentes,
764 2784 820 2844 save

84 2859 220 2939 precibus,
246 2861 300 2918 sive
319 2861 456 2919 occasione
477 2861 610 2924 crescendi
633 2863 749 2940 apertius
768 2865 816 2924 de·
885 2877 888 2883 “

83 2940 236 3012 monstrati,
259 2954 289 2998 ut
305 2943 334 2999 in
353 2939 502 3000 Sardiniam
522 2943 657 3014 navigatio
677 2942 819 3020 suscipere-

83 3036 141 3091 tur,
160 3021 308 3082 obtinuere.
344 3022 376 3082 N
377 3042 409 3084 ec
428 3023 503 3082 enim
516 3023 632 3096 vulgata
645 3024 754 3088 virtutis
770 3025 822 3095 eli,

487 3103 514 3164 Z
537 3123 554 3166 2
