1956 3736
58 128 63 135 ’
169 144 231 206 294
325 126 351 204 J.
387 126 751 188 Furrusuuurr

77 269 149 320 tte.
169 256 249 317 dixit.
283 257 409 319 Comitiis
430 257 529 317 habitis
555 257 677 317 consules
703 255 893 320 rattruut.

77 349 146 455 ἰδὲ·
172 337 319 478 {quamnim
334 338 369 399 C.
384 338 416 398 F.
429 339 466 398 L.
482 338 525 398 N.
537 338 569 399 P.
583 340 682 408 Furius
692 339 743 417 Sp.
753 340 790 399 F.
805 338 851 400 M.
862 337 896 397 N.

101 432 107 445 ·
234 439 274 478 us.

90 476 149 527 ²²³·
211 496 341 558 xuvu.
355 495 398 556 ru
412 497 495 576 primi
508 497 712 569 Romanorum,
729 510 761 556 ut
773 497 899 566 extumo,

170 577 275 638 Padum
289 577 431 638 transivere
445 598 510 636 cum
524 579 654 650 exercitu,
666 577 721 655 qua
733 577 835 636 fluvius
846 576 901 635 Au-

168 656 224 716 dua
244 656 318 716 Pado
337 658 528 728 committitur,
549 660 577 716 in
600 658 746 729 regionem
766 658 901 715 Insubrum

169 736 319 814 irruptione
333 735 412 797 faut.
434 737 528 796 Multo
541 737 643 809 labore,
656 757 749 815 neque
761 738 838 795 nullo
850 737 900 793 san-

169 819 252 890 guine
272 817 331 876 hnc
351 817 461 876 audacia
480 816 605 876 constitit.
625 837 690 875 nam
708 820 736 875 a
754 817 785 874 in
804 817 902 874 transitu
945 874 948 883 ,

170 896 302 971 fluminis,
324 903 350 956 ue
362 898 429 956 dum
441 898 521 956 castra
535 912 684 975 ponuntur,
705 897 807 956 acriter
821 898 902 954 iucur-

170 996 260 1038 rentes
278 979 365 1037 hostes
380 979 568 1036 Romanorum
582 975 656 1034 haud
674 996 782 1054 paucos
802 974 903 1034 occide·
946 984 948 991 '

170 1074 243 1117 runt.
282 1059 325 1116 Ex
338 1058 435 1116 harum
449 1077 539 1116 rerum
552 1056 657 1115 nunciis
672 1071 765 1114 ortam
784 1057 902 1114 sollicitu-

171 1137 266 1196 dinem
281 1137 445 1197 immensum
459 1157 556 1195 auxere
570 1135 705 1215 prodigia,
727 1133 805 1213 quod
821 1137 850 1193 in
864 1135 901 1192 Pi-

170 1237 241 1276 ceno
262 1217 364 1276 flumen
386 1217 499 1276 manaffe
518 1215 653 1288 sanguine,
674 1216 705 1273 in
721 1215 834 1274 Etruria
854 1233 903 1272 coe·

170 1297 230 1356 lum
251 1297 343 1354 ardere
358 1296 455 1368 visum,
477 1296 596 1356 Arimini
614 1294 827 1368 nocturnum,
846 1293 902 1351 tres-

169 1397 225 1454 que
244 1377 320 1435 lunas
338 1375 436 1434 eodem
456 1391 578 1453 tempore
595 1374 746 1453 apparuiffe
765 1375 902 1434 nunciaba-

171 1461 260 1528 tur,&
272 1453 348 1534 qudd
358 1456 458 1515 Romae
470 1458 498 1514 in
512 1458 572 1514 som
583 1457 675 1513 vultur
690 1475 741 1532 per
756 1455 817 1514 dies
832 1475 903 1513 oom-

171 1536 262 1614 piures
279 1537 389 1596 sederat.
409 1557 473 1594 nam
487 1536 533 1595 sub
546 1535 621 1593 idem
639 1536 710 1592 forte
728 1551 840 1613 tempus
854 1535 903 1592 Ca-

173 1618 213 1674 ria
227 1634 305 1674 motu
319 1635 396 1675 terrae
409 1617 541 1685 coneum,
561 1621 587 1674 ἀ
601 1614 732 1692 collapsus
751 1616 848 1673 Rhodi
861 1635 903 1672 eo·

174 1697 255 1754 loffus
268 1698 336 1755 nihil
349 1711 408 1754 tum
420 1696 454 1752 ad
467 1716 525 1754 rem
535 1696 690 1754 Romanam
704 1697 841 1771 pertinere
850 1714 904 1769 cre·

174 1776 317 1835 debantur.
355 1776 515 1834 Ceterorum
540 1774 614 1833 causi
642 1773 758 1832 consulti
782 1793 903 1846 augures,

172 1856 282 1927 consules
297 1859 363 1911 vitio
377 1868 474 1911 creatos
488 1856 574 1912 videri
588 1853 795 1932 responderunt,
814 1856 903 1931 sequu-

173 1949 262 2011 taeque
276 1933 334 1990 sunt
350 1933 451 1990 senatus
469 1933 504 1990 ad
523 1954 568 1990 eos
583 1934 678 2004 literae,
701 1934 802 2013 quibus
819 1936 847 1992 in
862 1953 903 1990 ur·

173 2013 239 2073 bem
259 2011 459 2072 revocabantur.
492 2013 538 2072 Illi
557 2014 626 2072 iuter
643 2013 704 2071 haec
721 2035 772 2093 per
791 2014 904 2074 inducias

175 2094 319 2154 Insubrum
334 2113 400 2171 ¹,agro
418 2094 588 2166 excesserant,
607 2093 708 2152 deinde
727 2096 758 2154 in
774 2095 904 2154 Cenoma·

175 2196 275 2235 norum
289 2173 386 2234 finibus
403 2173 536 2233 sociorum
552 2174 657 2232 adscitis
671 2175 793 2248 auxiliis,
814 2177 905 2235 iterum

175 2276 288 2332 campos
303 2254 420 2330 Alpibus
434 2253 598 2330 subjacentes
612 2253 735 2312 infestare
753 2269 904 2333 eoeperant:

174 2335 347 2415 permotique
365 2333 404 2390 irai
420 2334 554 2406 Insubres,
575 2334 655 2392 etiarn
673 2336 763 2392 aureis
778 2335 858 2406 tignis
876 2349 906 2390 ex

175 2414 236 2472 arde
251 2416 385 2473 Minervae
400 2412 578 2492 depromptis,
598 2433 659 2491 quae
672 2415 816 2473 immobilia
829 2434 903 2472 voca·

175 2493 282 2564 bantur,
296 2491 371 2571 quud
382 2492 429 2549 nisu
442 2494 478 2552 ob
490 2509 638 2553 extremam
649 2494 835 2554 neceffitatem
848 2513 904 2553 mo·

174 2572 233 2632 veri
254 2573 293 2630 sas
313 2592 369 2631 non
389 2573 466 2645 effet,
492 2594 556 2632 cum
576 2574 694 2632 exercitu
715 2575 904 2654 quinquaginta

173 2653 292 2715 millium
305 2668 484 2726 occurrerant,
505 2655 561 2713 acie
574 2653 737 2712 dimicaturi.

216 2734 364 2795 XLVIII.
387 2733 453 2792 Hoc
466 2733 502 2792 ad
519 2750 625 2812 tempus
641 2733 727 2793 literae
744 2734 849 2794 senatuis
862 2754 905 2793 ve·

175 2835 250 2875 nere.
283 2815 317 2873 C.
333 2813 492 2891 Flaminius,
512 2814 566 2873 sive
583 2814 738 2889 conjetturi
756 2835 850 2874 earum
868 2836 905 2873 ar·

175 2910 336 2966 gumentum
348 2893 509 2971 assequutus,
517 2895 570 2954 five
581 2893 664 2952 literis
674 2895 829 2963 amicorum
839 2902 905 2973 prael

99 3019 102 3023 -
172 2973 305 3049 monitus,
314 2975 425 3053 collegae
435 2975 569 3055 persuasu,
577 2995 611 3038 ue
624 2969 684 3055 aute
696 2995 819 3055 pugnam
831 2996 906 3055 tom3
