1956 3736
175 169 366 230 Surrrrrr.
388 169 505 232 LXV.
528 171 690 234 Lrvrnu.
747 193 799 236 ιιι

64 298 185 361 amieitii
208 301 454 373 Mamertinorum,
481 301 651 379 successuque
674 301 885 374 advertisne,

65 382 308 478 Οξῐώᾶεἱῦὶωἷθε,
324 381 423 475 deinde
436 383 582 460 Pyrrhum,
590 403 651 477 'quo
665 383 739 442 urbis
750 385 802 443 suae
812 389 878 502 pig

62 462 727 622 iiiiiffiiii'ffnmiiiiiiiissiiii'
744 465 800 605 iil
819 486 880 581 ²3²3

64 645 121 705 que
141 626 171 683 in
190 638 297 684 tantum
315 640 456 684 creverant
476 625 617 685 rebellium
635 630 662 685 δι
682 626 801 693 deserto-

63 724 128 765 rum
150 705 244 777 animi,
272 720 302 770 ut
323 706 475 765 Crotonem
495 706 672 784 prodentibus
693 707 801 784 quibus-

63 787 129 845 dam
150 806 245 864 capere
259 785 324 858 ausi,
345 785 498 862 praefidium
512 788 670 846 Romanum
682 789 800 847 trucida·

62 882 105 940 re,
127 868 224 926 urbem
238 866 345 925 diruere
358 866 534 927 sustinuerint.

106 949 150 1006 ΙΙ.
173 948 264 1019 igitur
279 948 315 1006 L.
331 945 472 1018 Genucio,
492 950 540 1025 qui
557 967 622 1012 cum
637 949 672 1007 C.
686 947 801 1026 Quintio
809 961 841 1006 tr.
852 964 881 1009 c,
939 1018 943 1022 .

61 1028 232 1088 consulatum
247 1047 281 1086 eo
295 1044 366 1086 amro
381 1027 500 1100 gerebat,
521 1027 648 1093 mandata
664 1028 701 1086 est
714 1029 798 1089 ultio:
817 1022 875 1084 4⁸¹·

61 1109 345 1248 zgpfflgstiluiellimsm
359 1109 460 1247 mffle
473 1108 657 1202 pertinellibue
672 1107 736 1201 urba
751 1109 799 1167 ob·
809 1093 877 1215 ’ζ’ἵῖ

122 1235 137 1263 ,.
198 1210 214 1248 c
285 1209 297 1246 a
319 1209 365 1247 uas
450 1206 645 1250 amertmonrm
659 1209 730 1247 vires
744 1209 801 1248 non

64 1270 197 1328 instrenue
212 1269 421 1348 opponentibus,
434 1289 521 1346 quum
535 1269 711 1330 incommoda
722 1291 800 1348 quae-

62 1349 130 1409 darn
154 1351 241 1428 passus
267 1349 359 1408 consul
378 1351 460 1408 etiam
480 1370 572 1411 rerum
595 1351 800 1411 necessariarum

61 1431 177 1512 periurii
198 1431 345 1502 laboraret,
372 1430 406 1489 ab
427 1431 566 1504 Hierone,
593 1434 641 1510 qui
663 1431 799 1507 syracusis

60 1513 246 1591 principatum
261 1511 408 1582 obtinebat,
430 1510 568 1569 frumento
580 1517 605 1568 &
620 1512 707 1569 milite
721 1512 798 1586 adju·

60 1604 107 1651 tuo
121 1593 169 1652 cst.
211 1592 269 1651 Hic
287 1592 362 1649 enim
376 1592 551 1649 Mamertinis
570 1591 696 1661 infensus,
716 1593 801 1651 etiarn

60 1673 150 1732 socios
167 1691 263 1731 corum
276 1671 417 1743 Rhegium
435 1685 555 1731 tenentes
577 1668 687 1732 oderat:
710 1672 799 1729 incre-

61 1753 163 1813 ncntir
181 1772 292 1832 quoque
306 1753 508 1822 Romanorum,
529 1764 560 1810 ut
577 1771 674 1813 eorum
693 1751 799 1815 animos

60 1833 98 1895 ed
112 1833 190 1893 usum
203 1832 371 1912 sequentium
385 1848 540 1910 temporum
559 1833 695 1893 beneficiis
715 1852 797 1895 occu·

60 1928 150 1995 paret,
171 1914 338 1973 movebatur.
380 1915 424 1972 Sic
444 1913 479 1972 ad
496 1928 650 1974 extremum
668 1913 703 1978 ad
716 1913 796 1977 dedi-

61 1996 169 2057 tionem
185 1995 251 2053 urbe
265 1994 355 2053 coacte
368 1995 549 2053 Mamertinos
562 1996 643 2054 certia
659 1996 796 2053 conditio·

61 2075 143 2135 nibus
163 2074 301 2133 adstritioa
321 2074 422 2134 dimisit
440 2075 549 2133 consul:
571 2075 695 2150 perfugas
715 2079 740 2130 δι
756 2076 797 2131 la-

61 2170 165 2228 rimer,
186 2174 304 2233 quorum
323 2154 402 2212 multi
419 2153 570 2224 Rhegium,
590 2154 665 2212 velut
684 2153 719 2210 ad
738 2153 799 2229 asy-

61 2234 121 2297 lum
140 2249 340 2305 concurrerant,
361 2233 452 2291 affecit
467 2232 613 2310 supplicio:
635 2233 797 2301 legionarios

61 2331 154 2395 entem
167 2315 267 2374 militer
280 2314 392 2375 abduxit
406 2315 538 2386 Romam,
553 2329 584 2372 ut
599 2313 633 2372 de
649 2312 709 2390 ipsis
722 2313 795 2371 sena-

61 2397 255 2458 maturuerat.

103 2478 164 2536 111.
187 2477 323 2547 Magnum
337 2473 401 2535 inde
414 2473 531 2552 publicae
542 2473 687 2533 seueritatis
702 2494 797 2535 crem-

61 2556 140 2639 plum
156 2557 283 2633 sequitur.
315 2557 427 2614 &natus
441 2555 561 2632 primum
576 2574 671 2614 omnes
686 2559 734 2632 qui
747 2557 797 2615 ad-

62 2637 138 2699 duffi
152 2635 167 2694 i
181 2636 289 2694 consule
302 2636 417 2706 fuerant,
429 2635 458 2693 in
469 2655 606 2693 carcerem
619 2635 702 2693 condi
713 2637 795 2711 juffit,

62 2732 94 2777 ut
105 2716 217 2776 indeed
230 2716 390 2794 supplicium
404 2715 499 2790 capitia
512 2727 710 2791 promerentur.
735 2716 796 2774 Dc-

61 2797 127 2856 inde
140 2817 227 2874 quum
241 2795 417 2855 intercessiffet
435 2793 656 2852 senatusconsulto
673 2793 796 2854 tribunus

61 2878 150 2957 plebio
171 2877 218 2936 M.
232 2877 345 2936 Fuluius
365 2875 488 2933 Flaccus:
514 2873 690 2944 denuncians,
716 2893 748 2933 ne
767 2880 797 2935 in

62 2960 151 3033 capita
167 2961 263 3016 cirtam
278 2958 449 3017 Rornanorum
468 2950 591 3012 adversus
608 2953 675 3027 leges
691 2951 727 3015 δί
743 2977 797 3016 mr-

62 3054 120 3098 m
136 3038 263 3120 apaan
283 3037 557 3179 animadverterim
580 3037 734 3119 conitautii.
747 3039 798 3101 Pa·

524 3136 542 3178 2
