1956 3736
208 138 786 218 170·'J.Fur1usnunerr

107 278 145 337 vj
153 294 181 339 c.
248 265 336 331 XIII.
359 267 455 328 Iusulae
466 269 526 327 sunt
536 269 604 327 locis
619 270 655 326 ita
665 271 830 346 conjunfiae,
851 281 882 328 ut
895 287 936 327 ea·

120 371 179 418 49³·
205 353 269 411 dem
284 351 368 408 videri
388 350 500 426 possunt:
523 351 586 408 coeli
605 366 696 409 tamen
715 352 818 429 solique
837 351 934 420 naturi,

109 425 138 468 Α·
151 426 179 469 ⁰·
204 428 240 503 dr,
261 429 336 509 quod
357 432 485 508 sequitur,
503 427 656 490 'hominum
676 433 798 503 ingenio,
824 433 935 489 multum

118 491 178 548 ²³⁹·
201 513 327 571 uramur.
361 512 523 584 saranum,
544 528 575 570 ut
594 513 740 585 imaginem
761 513 875 570 humani
892 532 935 570 ve·

199 595 269 666 stigii
295 594 476 666 referentem,
505 592 642 668 Ichnusam
667 608 791 666 veteres,
820 594 935 670 itemque

199 675 363 732 Sandaliotin
390 675 526 734 dixerunt.
573 675 644 733 Inde
674 674 791 731 Sardum
818 674 935 731 Hercule

200 757 309 834 Libyco
329 752 460 828 genitum
473 758 548 814 aiunt
562 755 737 834 frequentatae
751 756 793 812 ab.
806 755 831 812 se
850 755 934 812 iusulae

198 857 301 897 nomen
319 857 376 916 quo
395 837 479 896 hodie
493 837 610 895 noscitur
624 837 786 914 Imposuiffe.
823 835 934 893 Graecoe

186 919 280 979 'etiam
295 920 330 977 ad
345 940 376 977 ea
388 919 449 978 loca
464 918 561 977 venisse
574 937 638 976 cum
653 917 767 975 Aristaeo
780 916 881 974 fabulis
891 934 933 973 an·

198 1002 282 1079 tiquir
297 1001 468 1059 decantatum
481 1001 533 1067 est3
555 1000 674 1075 itemque
689 998 748 1076 post
759 997 845 1056 Iliaca
859 996 933 1068 belle,

199 1084 348 1158 Trojanos.
386 1082 475 1139 Terra
494 1099 582 1158 neque
600 1079 683 1156 spatio
699 1079 748 1137 soli
763 1079 892 1137 maximis
908 1097 933 1134 e·

194 1163 302 1238 jusdem
315 1163 396 1219 maris
411 1161 565 1231 insularum,
580 1180 669 1236 neque
681 1159 801 1218 bonitate
815 1158 933 1217 fertiliu-

197 1245 251 1300 mis
275 1241 393 1301 multum
415 1242 510 1300 cedit:
539 1261 635 1319 parens
657 1242 761 1317 optima
781 1239 933 1318 pecudum,

198 1324 329 1381 frumenti
343 1323 442 1400 optimi
457 1322 622 1393 fermiffima,
639 1321 879 1399 metallorumque,
893 1319 934 1380 sed

88 1444 101 1467 .
197 1403 342 1482 praesertim
358 1403 472 1474 argenti,
492 1403 578 1460 dives.
611 1403 692 1461 Coelo
706 1401 933 1461 trmeuhmdae-

100 1551 108 1568 .
196 1483 251 1563 que
265 1484 361 1543 salubri
373 1484 470 1557 utitur,
491 1483 654 1562 laudemque
668 1483 854 1542 facunditatis
866 1480 933 1563 apud

197 1580 305 1625 exteros
330 1566 517 1645 pestilentioriu
537 1565 605 1622 atris
627 1564 738 1623 insania
761 1567 930 1643 corrumpit:

197 1667 248 1726 per
262 1649 378 1708 aestatern
395 1648 470 1706 enirn
484 1645 609 1706 morbosa
625 1645 673 1719 est,
693 1650 720 1704 &
733 1646 763 1705 iu
775 1645 847 1705 locis
861 1645 931 1705 ferti·

197 1728 321 1801 lioribur,
343 1729 439 1800 magis.

237 1809 326 1868 XIV.
348 1809 473 1866 Herbam
489 1821 619 1886 praeteree
639 1807 769 1886 producit
786 1808 930 1867 vehemen-

196 1887 230 1946 tis
243 1889 341 1945 veneni
355 1889 465 1964 apiastro
479 1889 655 1965 persimilem,
670 1909 731 1966 quae
744 1889 774 1947 in
788 1889 853 1948 cibo
864 1889 929 1948 sum·

194 1981 244 2046 pta
257 1981 378 2027 mentem
390 1968 498 2039 adimit,
518 1971 659 2048 nervisque
671 1970 806 2029 violenter
818 1969 929 2030 acuatu

196 2047 268 2108 lubia
286 2049 434 2129 distorquet
454 2050 650 2111 inridentium
670 2051 809 2129 speciem
836 2047 929 2111 exind

195 2130 287 2205 succo,
308 2132 357 2193 nisu
368 2134 427 2212 post
441 2133 577 2191 vomitum
591 2133 632 2191 lac
644 2147 691 2191 eut
704 2152 774 2210 aqua
787 2133 873 2192 mulsa
885 2149 927 2190 eo·

191 2213 274 2292 piore
290 2213 405 2274 bibatur.
427 2214 465 2271 ita
478 2215 520 2271 uia
541 2213 613 2272 istius
632 2214 698 2271 mali
717 2215 833 2291 praeseus
852 2211 927 2272 dilui-

117 2313 131 2347 .’
193 2307 257 2354 tur:
282 2296 379 2354 ceteris
399 2294 500 2353 deinde
520 2293 703 2353 incommodis
724 2313 755 2351 ea
776 2295 924 2362 medentur,

193 2395 257 2453 quae
273 2377 302 2433 iu
319 2375 536 2434 convulsionibua
553 2395 700 2433 nervorum
715 2375 774 2432 usui
788 2376 857 2435 suut.
892 2374 927 2432 E·

193 2458 261 2513 tiam
279 2457 426 2514 minimum
445 2456 639 2514 anImalculum
656 2476 705 2534 per
719 2456 925 2533 imprudentiam

119 2534 124 2543 '
193 2535 423 2614 supersedentibus
446 2538 619 2594 mortiferum
639 2539 695 2594 est:
724 2537 863 2612 Sulpugam
881 2556 923 2595 vo·

192 2632 279 2676 cant:
311 2617 488 2677 formicarum
512 2637 612 2688 genus,
641 2632 716 2675 tauto
736 2615 924 2694 periculosiori

192 2698 315 2772 malitiae,
341 2696 417 2776 qubd
438 2704 464 2763 u
485 2699 549 2756 latet
570 2697 648 2756 facile
668 2714 780 2776 propter
799 2699 923 2772 exiguu-

191 2796 263 2858 tem,
284 2786 310 2838 δι
328 2780 363 2837 ab
383 2781 482 2852 ignaris
500 2794 602 2837 neturae
623 2781 682 2856 ejus
703 2781 787 2839 etiam
809 2776 922 2839 animrd·

177 2864 301 2924 uersum
318 2881 376 2920 non
394 2863 515 2920 timetur.
558 2859 646 2932 Sardi,
667 2861 747 2918 variis
762 2881 798 2919 ex
813 2859 921 2920 barbaris

177 2941 280 3000 mixta
292 2942 377 3012 natio,
399 2962 485 3018 quum
499 2942 608 3012 ingenio
626 2941 672 2998 suo
691 2942 869 3017 permittitur,
887 2942 920 2999 Iu·

84 3058 88 3074 .
192 3019 300 3081 bentiita
321 3021 464 3084 latrocinio
490 3019 572 3106 quim
597 3022 758 3108 agricultura
785 3025 919 3087 victitant:
