1956 3736
165 148 355 211 Sororem,
378 145 508 210 nxtx.
531 149 688 212 Lrvrrtu.
724 132 823 238 ¹²³3·

59 277 192 340 custodire
212 280 336 338 locorum
360 280 509 340 necessariae
529 282 705 355 videbantur,
734 301 882 355 cumina

59 361 177 421 rostratis
191 359 314 419 ducentis
327 361 514 438 quadraginta,
535 361 729 422 cercuriuverd
752 365 798 439 (stc
816 379 873 422 50²·

59 456 160 500 vocant
178 443 289 499 navium
304 441 442 518 quoddam
461 444 617 502 breviorum
637 448 731 515 genus)
756 433 878 505 (μω

59 522 180 593 xaginta,
193 527 220 580 dc
229 521 288 579 aliis
302 522 427 600 cujusque
442 524 520 581 modi
532 525 646 595 navigiis
661 525 796 603 plurimis,
815 507 845 555 ²5
847 509 873 548 α’

59 602 219 678 Lilybaeum
239 603 368 660 veniunt:
390 603 482 682 ibique
504 605 614 662 confilio
635 605 728 665 habito
747 628 797 682 ag-

59 682 138 755 gredi
156 682 253 740 urbem
267 683 439 744 constituunt.
475 685 547 743 Haec
561 686 598 742 est
614 686 660 743 illa
674 688 796 765 Lilybae-

59 763 117 821 tuni
129 763 224 841 oppidi
238 763 338 821 nobilis
353 764 466 834 obsidio,
481 786 542 842 quae
556 786 605 842 per
618 766 732 829 solidum
745 769 794 828 de·

59 844 200 915 nennium,
221 843 255 902 ab
273 844 330 918 ejus
344 844 408 901 belli
422 864 492 901 anno
505 861 600 922 quarto
615 845 725 906 decimo
740 864 794 907 tra·

59 925 112 995 ila,
132 944 188 981 non
208 925 405 1000 expugnatione
425 925 509 994 urbis,
534 939 580 983 aut
593 925 738 987 deditione
758 931 794 989 ab

59 1004 160 1063 ubseffis
175 1004 253 1076 fanu,
273 1003 318 1061 scd
330 1005 445 1063 universr
459 1005 524 1062 belli
538 1021 636 1063 eventu
649 1007 731 1067 finem
745 1029 791 1068 ac·

59 1085 141 1162 cepit.
177 1085 272 1163 Qum
287 1086 360 1144 enim
376 1085 454 1143 Poeni
468 1085 640 1164 Romanique
657 1088 791 1161 intellige·

59 1181 118 1224 tent
139 1181 270 1244 quantum
290 1166 370 1224 inea
391 1167 457 1224 urbe
480 1183 651 1226 momentum
673 1169 791 1248 utrisque

59 1245 139 1315 soret,
159 1247 202 1304 vel
223 1245 258 1303 ad
273 1246 376 1305 Asricae
394 1247 559 1325 praesrdium,
580 1247 625 1305 vel
645 1249 680 1307 ad
701 1250 789 1328 impe·

59 1325 128 1383 rium
140 1325 248 1397 Siciliae,
268 1327 379 1385 summis
393 1329 528 1406 utrimque
542 1328 685 1388 viribus&
699 1350 788 1411 oppu-

59 1419 145 1477 gnata,
166 1406 308 1464 &defensa
323 1408 370 1469 est.
766 1454 771 1467 .

106 1486 149 1546 11.
180 1487 289 1545 Urbem
311 1487 410 1545 deinde
435 1489 588 1547 Romanam
609 1511 644 1549 ex
668 1513 787 1553 moerore

60 1586 136 1645 quem
153 1567 196 1625 M.
207 1567 308 1638 Reguli
324 1569 396 1625 casus
411 1570 544 1638 attulerat,
566 1571 659 1629 refecit
674 1574 710 1631 L.
720 1575 787 1632 Me·

60 1646 109 1706 :elli
124 1648 296 1725 triumphus:
318 1666 374 1704 non
388 1647 444 1704 visu
458 1646 544 1705 modo
559 1653 728 1710 &memorii
743 1674 786 1712 re-

60 1748 114 1787 um
132 1728 381 1805 prosperrimum,
403 1727 447 1785 sed
463 1730 546 1786 etiam
562 1728 688 1790 adversius
704 1733 784 1792 inhu-

60 1828 160 1868 nanam
174 1823 283 1879 gentem
295 1808 422 1867 vindinae
433 1808 586 1869 dulcedine.
614 1812 782 1891 Triumpha-

60 1889 91 1947 rit
111 1887 147 1946 de
162 1890 250 1947 Poenis
269 1890 426 1967 proconsule
446 1891 535 1951 A.D.
554 1892 628 1953 VII.
647 1893 716 1953 Idus
731 1896 781 1954 Se-

60 1967 195 2041 ptembres.
216 1968 360 2029 ductisunt
374 1986 434 2030 ante
447 1992 556 2030 currum
567 1973 651 2034 duces
664 1975 781 2036 hostium

61 2044 192 2117 redecim,
218 2050 243 2103 dc
265 2048 358 2118 ingens
379 2051 583 2126 elephantorum
605 2075 713 2127 agmen,
736 2059 780 2116 vi·

60 2127 117 2197 inti
129 2125 205 2203 supra
217 2141 341 2186 centum:
357 2129 452 2186 sunt&
465 2132 513 2207 qui
526 2133 614 2207 plures
626 2151 779 2205 numerent.

60 2209 92 2267 lli
106 2206 205 2265 deinde
224 2206 348 2283 produili
363 2207 432 2279 sunt,
453 2229 538 2285 quum
555 2211 612 2271 ludi
629 2213 733 2286 fierent,
754 2222 781 2275 dt

60 2289 126 2346 rastis
140 2288 285 2366 praepilatis
297 2309 346 2366 per
357 2303 445 2346 totum
457 2290 561 2348 circum
573 2293 606 2351 ab
617 2295 705 2370 operis
717 2296 780 2369 aeti,

60 2367 102 2448 pud
121 2384 295 2427 contemnere
315 2369 425 2428 disceret
441 2369 542 2428 belluas
564 2374 691 2450 populus,
711 2396 778 2454 quur

60 2449 272 2508 ehementissime
287 2451 421 2511 timuerat.
442 2451 665 2512 interfectorem
681 2456 777 2532 jaculir

61 2531 161 2589 (errius
174 2532 287 2590 Flaccus
304 2533 398 2590 auslor
411 2533 457 2604 est,
479 2553 565 2610 quum
580 2554 668 2613 neque
684 2537 724 2596 uti
741 2539 776 2596 iis

61 2610 195 2678 lucuiffet3
217 2632 305 2690 neque
325 2613 419 2672 donari
438 2613 545 2684 regibus
565 2630 664 2674 tantam
686 2619 774 2677 ecces-
839 2677 845 2683 ,

61 2712 142 2751 ouem
157 2694 266 2765 virium,
278 2713 313 2752 ex
326 2693 373 2752 usu
383 2694 538 2770 reipublicae
550 2695 696 2773 videretur.
715 2699 775 2771 Eo-

61 2793 106 2832 em
120 2793 191 2832 anno
204 2794 301 2844 magna
316 2775 402 2832 vilitat
415 2793 527 2832 annonae
540 2776 639 2835 Romae
652 2778 713 2838 suit.
735 2777 773 2837 us·

61 2853 111 2911 bur
129 2853 238 2924 singulis
254 2854 330 2911 sarris
349 2853 457 2912 modios
475 2855 561 2927 fuisse,
582 2859 703 2935 itemque
715 2859 774 2920 vini

61 2932 164 3004 ongios,
186 2934 283 3012 ficique
297 2934 373 2993 ficcae
385 2935 478 3011 pondo
491 2937 609 3009 triginta,
630 2939 684 2998 olei
700 2961 773 3018 pon.

61 3011 213 3092 odpceur,
240 3015 327 3104 carnis
347 3015 443 3104 pondo
462 3016 772 3109 duodecipqnaditurr
