1956 3736
112 307 183 354 uc.

121 385 181 430 47²·

111 439 140 482 Α.
151 439 178 482 C.

120 497 178 546 aso.

205 167 244 242 48
359 163 778 241 J.Fna1nsnnmtr

206 290 399 369 produdlorum
418 290 534 348 sormam
553 288 644 346 videre
665 288 841 345 videbantur:
863 291 891 345 8ι-
905 307 934 345 e-

205 372 252 447 qui
266 371 299 426 ad
314 369 485 445 conspeslum
499 370 665 446 odoremque
679 374 704 424 δι
719 367 862 424 stridorem
876 382 935 425 turn

204 450 323 527 primitm
343 449 457 506 visarum
481 449 629 506 belluarum
651 448 785 517 exterriti,
812 447 934 522 protinus

202 529 316 585 confusis
335 529 485 598 ordinibus,
506 530 558 605 qual
575 529 672 605 cuique
689 527 848 604 proximum
867 540 932 596 erat,

201 608 415 684 abripiebantur,
440 607 595 685 sessoresque
615 607 658 663 vel
683 605 870 675 excutiebant,
891 605 934 662 vel

201 686 295 743 frustra
307 689 450 745 renitentes
469 687 558 744 secum
572 685 726 743 auferebant
739 686 768 742 in
782 685 890 755 sugam,
909 689 934 740 δι

201 765 231 821 in
248 766 355 824 suorum
369 769 455 824 aciem
472 767 634 823 incurrentes
649 766 740 823 omnia
755 763 933 840 trepidatione

199 846 375 924 'tumultuque
397 847 555 906 miscebant.
599 845 748 922 Insequutis
775 843 933 919 elephanto·

201 944 263 983 rum
281 927 439 999 restoribus,
460 926 538 985 multi
557 925 719 997 fugientium
738 923 773 980 ab
789 923 823 980 iis
840 924 888 1004 qui
906 923 933 980 in

201 1007 319 1066 turribus
337 1007 486 1065 belluarum
503 1007 681 1076 constiterant,
703 1004 837 1060 vulnerati
856 1003 930 1061 sunt:

201 1086 292 1163 plures
316 1086 349 1143 ab
374 1087 519 1164 elephantis
546 1086 606 1162 ipsis
632 1084 749 1143 consesti
774 1082 930 1160 obtritique.

202 1165 257 1222 Sed
274 1166 379 1223 consule
400 1168 490 1223 omnia
506 1180 629 1241 expert0,
650 1163 803 1221 cohaerebat
824 1176 932 1218 utcum-

201 1264 255 1320 que
269 1249 338 1302 acies
346 1269 355 1311 ς
377 1244 463 1302 donec
477 1245 590 1301 immissa
603 1245 699 1322 Pyrrhi
712 1242 830 1319 imperio
845 1241 931 1300 Thes-

202 1323 279 1380 salica
293 1324 333 1380 ala
345 1323 415 1381 male
428 1325 571 1381 resistentes
585 1324 666 1394 sregit
679 1321 851 1398 disiecitque.

243 1403 335 1462 VIII.
359 1404 459 1480 Neque
478 1404 591 1460 dubium
611 1404 733 1472 habetur,
755 1402 822 1478 quin
837 1420 870 1459 eo
884 1399 933 1460 fleu

200 1482 256 1540 loci
276 1504 331 1561 quo
352 1497 412 1540 tum
433 1483 549 1542 conclusi
567 1483 736 1552 tenebantur,
757 1481 816 1538 caesr
838 1500 932 1539 onmes

200 1565 307 1639 captive
319 1563 417 1642 forent,
431 1565 469 1634 ni,
482 1579 577 1642 praeter
591 1561 811 1623 consuetudinem
824 1561 930 1638 Pyrrhi,

201 1645 250 1719 qui
264 1645 316 1700 hoc
334 1645 537 1721 imperatorium
551 1644 668 1714 rebatur,
688 1662 744 1700 non
762 1641 932 1718 pertinaciter

200 1723 294 1780 instare
306 1723 480 1794 fugientibus,
498 1744 532 1781 ne
546 1724 598 1780 alio
613 1738 736 1800 tempore
750 1721 937 1798 desperatione

192 1801 289 1858 ‘salutis
301 1803 386 1860 acriis
399 1803 553 1873 reslsterent,
569 1804 650 1860 etiam
664 1822 784 1879 praeceps
799 1803 829 1859 in
839 1801 930 1878 vespe-

202 1899 261 1936 ram
280 1881 337 1937 dles
357 1882 444 1951 regios
459 1882 473 1939 a
491 1882 674 1958 persequendo
694 1882 816 1940 defistere
831 1880 930 1952 coe'gis·

201 1956 248 2016 set.
292 1959 409 2034 Adjuvit
433 1962 514 2018 etiam
540 1961 647 2020 fortuna
668 1962 794 2039 reliquias
818 1959 930 2018 infelicis

200 2037 343 2111 exercitiis,
358 2038 433 2117 quod
446 2041 602 2117 elephantus
615 2057 726 2119 accepto
739 2043 852 2102 vulnere
865 2060 929 2099 con-

198 2116 298 2191 versus,
320 2121 401 2177 etiam
420 2136 523 2179 ceteros
541 2121 642 2180 barritu
660 2121 788 2182 turbavit.
832 2123 874 2178 Ea
890 2138 929 2179 res

199 2215 304 2258 morata
322 2200 419 2273 hostes,
439 2202 553 2279 spatium
571 2202 735 2274 fugientibus
753 2201 843 2273 dedit,
864 2215 928 2280 quo,

199 2281 346 2340 transmisso
359 2302 448 2354 amne,
469 2282 608 2359 pervenire
622 2284 651 2340 in
666 2282 797 2358 Apuliam
810 2282 929 2360 pollente

199 2361 292 2437 ibique
306 2363 378 2419 urbis
391 2362 528 2437 cujusdam
540 2363 734 2420 munitionibus
746 2362 875 2420 adversus
889 2362 928 2418 in·

201 2441 268 2496 stans
293 2443 443 2516 periculum
468 2457 635 2512 tegerentur.
678 2442 752 2500 Caesa
777 2462 811 2500 eo
835 2442 930 2519 praelio

201 2519 391 2578 Romanorum
408 2521 594 2600 sociorumque
614 2522 738 2600 peditum
757 2521 844 2580 millia
865 2540 928 2600 qua·

195 2599 362 2683 tuordecirn,
386 2606 411 2658 &
433 2616 559 2677 praeterea
579 2605 747 2674 odingentos
765 2601 929 2680 septuaginta

199 2681 324 2758 reperi03
344 2680 475 2739 ducentos
490 2681 664 2760 quadraginta
678 2683 722 2740 sex
740 2684 863 2758 equites:
885 2703 927 2740 ca·

198 2776 260 2838 ptos
279 2763 307 2819 in
321 2762 471 2820 universum
490 2763 564 2821 mille
585 2764 752 2834 odingentos
770 2763 927 2834 duodecim,

199 2843 229 2898 in
243 2843 285 2900 his
299 2843 401 2920 equites
416 2842 484 2899 duos
500 2849 525 2901 sc
542 2844 727 2914 oslIngentos:
750 2843 843 2901 amissa
858 2844 927 2917 signa

200 2923 322 2979 militaria
337 2923 392 2981 duo
406 2928 431 2980 δι
444 2924 549 2994 viginti.

240 3002 294 3061 IX.
317 3005 382 3081 Qo
400 3004 484 3075 magis
504 3006 587 3065 miror
600 3004 721 3066 austeres
736 3004 784 3085 qui
799 3005 860 3070 haec
874 3019 932 3070 nn
