1956 3736
155 159 343 219 Sumen.
365 153 507 230 nxnt„
527 154 685 220 Lrvrsrr.
748 161 788 240 67

53 292 132 355 enirn
150 289 291 350 intervallo
310 290 413 348 circum
433 309 480 348 eos
501 289 577 349 iocos
596 290 714 350 Graeciae
732 293 868 352 Its-U..c.

54 375 155 452 lIaeque
168 370 447 430 littoru‘dirimuntur.
481 369 562 430 Idem
576 372 665 448 postca
678 373 789 438 molitus
804 381 864 428 47²·

54 453 109 514 esse
123 454 170 512 M.
180 452 326 509 Terentius
342 451 433 507 Varro
447 449 555 521 dicitur,
577 472 662 528 quum
678 453 790 529 piratico
798 433 867 545 ‘⁴232
953 505 956 511 .

55 533 130 594 bello
153 533 208 590 Cn.
233 531 331 602 Magni
352 529 456 600 legatus
480 530 791 610 Siculum„loniumque
856 525 865 544 ⁸

55 632 132 673 mare
150 610 269 670 claffibus
289 609 449 669 observaret.
491 610 568 667 Inter
584 611 642 668 haec
662 612 712 671 Ti.
732 614 792 671 Co·

61 691 209 752 runcanius
224 689 325 760 consul,
346 689 382 747 de
397 689 609 749 Vulfinienfibus
622 695 647 747 s
662 691 798 752 Vulcicn·

58 773 133 832 tibus
150 770 325 835 Etruscorum
343 767 462 846 populis,
482 769 520 827 A.
530 769 571 828 D.
590 769 656 828 Kal.
675 771 791 832 Februa-

57 854 111 912 rias
125 849 312 928 triumphavit.
346 846 461 920 Insignis
476 868 510 906 eo
524 868 595 906 anno
608 849 716 915 censura
728 852 792 922 suit,

60 947 120 991 tum
147 929 267 1008 primum
291 926 306 986 Ξ
330 929 442 1006 plebeiae
468 929 554 1006 stirpis
581 928 688 986 censore
712 931 797 988 lustro

58 1010 183 1071 condito.
226 1008 312 1067 eensa
334 1008 485 1067 referuntur
509 1007 611 1066 civium
635 1009 720 1084 capita
741 1010 794 1068 du-

59 1105 138 1150 centa
158 1088 322 1165 septuaginta
345 1090 408 1147 osio
434 1088 535 1160 millia,
563 1086 679 1145 ducenta
699 1090 797 1160 vigiuti

59 1171 127 1231 duo.
171 1170 325 1245 Principem
348 1168 450 1227 senatirs
476 1188 525 1245 per
549 1187 580 1225 ea
605 1182 727 1247 tempora
752 1171 799 1250 Q

63 1251 180 1312 Fabium
194 1249 349 1308 Maximum
364 1248 418 1320 legi
434 1248 593 1306 consuevisse
608 1251 718 1310 conslat.
739 1249 792 1308 hu-

58 1332 102 1407 jus
115 1329 204 1389 filium
218 1343 400 1399 cognomento
416 1329 563 1400 Gurgitem
577 1329 715 1389 censorem
732 1345 793 1388 tum

61 1410 139 1470 fuisse
161 1408 315 1484 conjesiursi
335 1409 486 1479 colligitur:
514 1410 568 1468 Cn.
592 1410 711 1468 Domitii
732 1431 793 1488 cer-

63 1503 123 1549 tum
143 1509 256 1561 nomen,
277 1494 313 1560 dc,
335 1490 398 1567 quia
414 1489 524 1546 lustrum
541 1489 565 1545 is
582 1489 714 1561 condidit,
732 1491 795 1565 jure

63 1570 150 1647 plebis
164 1569 327 1646 amplificato
340 1568 513 1626 nobilitatum
526 1568 573 1628 esi.
707 1640 709 1645 Ι

101 1649 246 1708 XXXVI.
269 1649 344 1706 Vere
360 1647 450 1726 primo
465 1648 582 1723 Pyrrhus
597 1649 737 1706 contradis
751 1648 795 1708 so·

62 1727 168 1788 ciorum
190 1729 275 1805 copiis
293 1729 322 1785 in
337 1727 468 1804 Apuliam
487 1728 589 1786 movit:
612 1729 750 1804 multaque
770 1729 794 1785 i·

64 1809 93 1872 bi
109 1806 211 1888 oppida
229 1808 328 1885 partim
341 1805 498 1884 pugnando,
519 1809 617 1884 partim
631 1807 796 1888 conditioni·
819 1847 822 1853 ·

64 1889 115 1950 bus
136 1888 219 1965 cepit.
255 1887 395 1945 Adversus
416 1908 498 1965 quem
521 1890 588 1946 novi
609 1888 740 1960 consules,
761 1888 794 1949 P.

65 1968 200 2046 Sulpicius
214 1969 348 2039 Saverrio,
371 1968 402 2026 P.
417 1968 520 2027 Decius
541 1969 619 2040 Mus,
640 1990 704 2028 cum
723 1967 874 2046 duo-m

64 2046 115 2108 bns
129 2047 309 2109 consularibus
325 2048 485 2106 exercitibus
504 2048 628 2123 profesti,
649 2050 731 2106 castra
748 2068 793 2107 ca·
812 2073 871 2122 473.

64 2129 122 2188 stris
137 2128 317 2207 opposuerunt
330 2147 415 2205 prope
423 2127 554 2184 Asculum
566 2127 676 2203 Apuliae
688 2126 831 2200 urbem*-
842 2129 871 2172 ⁰·

64 2208 259 2281 cognominem
282 2208 312 2264 ei
332 2226 393 2284 quae
417 2207 501 2264 estin
522 2207 685 2265 Picentibus.
728 2207 799 2266 Non
813 2200 871 2251 ²⁷⁹·

64 2304 121 2347 erat
139 2287 265 2359 dubium,
287 2287 353 2366 quin
370 2285 473 2344 collatis
489 2285 569 2358 signis
586 2286 798 2363 depugnandum

64 2368 146 2428 soret.
167 2368 301 2439 ceterum,
321 2387 356 2425 ne
368 2387 417 2444 per
435 2366 492 2424 dies
512 2367 729 2443 aliquammultos
743 2368 798 2427 boc

65 2446 152 2521 lieret,
173 2462 267 2524 praeter
281 2462 428 2506 torrentem
441 2446 619 2523 profundum,
640 2448 689 2525 qui
705 2447 796 2506 diver-

64 2527 107 2589 sos
131 2528 263 2586 exercitus
286 2525 464 2598 interfluebat,
491 2528 572 2585 etiam
600 2543 697 2586 mutuo
721 2544 798 2589 metu

67 2607 268 2666 cunslabantur.
304 2605 444 2664 Romanos
460 2609 558 2682 prioris
575 2608 682 2666 fortuna
700 2609 799 2684 proclii,
897 2666 901 2681 ff

66 2688 191 2748 &vidior
204 2685 321 2762 Pyrrhus
334 2686 465 2744 terrebat:
488 2687 607 2763 Epirotis
619 2687 799 2745 formidabilis

66 2781 123 2826 erat
138 2767 327 2825 Romanorum
340 2766 499 2844 pervicacia,
520 2771 546 2824 δι
559 2767 666 2824 alterius
684 2766 799 2835 consulis

67 2847 146 2905 fatale
172 2845 310 2903 hostilibus
337 2845 487 2917 legionibus
515 2865 626 2903 nomen.
669 2845 701 2902 P.
725 2847 799 2908 enim

69 2925 201 2999 Decium,
221 2925 304 3000 patris
320 2927 418 3003 avique
431 2925 570 3000 exemplo,
588 2923 632 2980 sus
651 2939 739 2984 morte
755 2929 798 2986 vi·

68 3005 182 3101 &oriem
198 3003 307 3093 suerum
324 3005 529 3093 redempturum
547 3004 599 3091 esse
617 3003 691 3099 sarus
705 3007 800 3086 vulgas
