1956 3736
205 143 264 204 300
358 125 788 201 iheruinum

108 271 181 317 uc.
203 263 303 332 tellus,
328 261 419 338 opima
438 259 519 334 spolia
541 258 599 336 post
620 256 776 316 Romulum
802 262 926 330 regem&

121 348 137 393 5
140 347 179 398 3⁰·
205 346 243 402 A.
258 343 416 400 Cornelium
431 338 543 396 Collum
557 339 661 408 tertius,
682 357 775 415 neque
789 342 849 419 poll
864 340 929 396 illum

109 403 176 511 ξιξ·
203 426 270 481 alius
290 419 430 498 suspendit.
468 418 540 477 Haec
561 439 635 476 arma
655 419 776 495 populus
798 420 930 477 Romanus

170 498 178 511 ⁸
202 503 299 577 majori
314 521 375 557 cum
391 499 529 576 voluptate
543 498 680 575 speclavlt,
701 496 781 575 quod
796 500 930 557 Romano·

201 602 263 640 rum
282 580 399 637 militum
416 599 490 636 arma
503 579 590 635 hostes
604 577 732 634 Vulcano
747 579 852 637 vovisse
865 579 932 637 dice·

202 663 309 720 bantur.
339 675 464 735 tantaque
484 658 602 714 vieloriae
623 658 681 731 ejus
707 657 802 714 laetitia
822 658 884 730 fuit,
907 672 932 716 ut

202 741 305 799 senatus
326 739 492 817 populusque
512 738 652 795 Romanus
674 754 711 794 ex
731 738 868 797 manubiis
887 737 933 795 do·

202 841 270 880 num
285 820 409 898 Apollini
425 816 562 895 Delphico
581 831 682 874 cratera
701 835 828 889 aureum,
848 824 875 875 δι
887 818 933 875 cir·

202 922 268 960 cum
289 902 388 959 amicas
408 899 539 975 sociasque
557 896 679 955 civitates
700 916 777 954 arma
796 897 832 956 d'e
852 897 935 975 spoliis

204 983 320 1041 Gallicis
347 981 474 1038 mitteret.
510 976 544 1034 ad
564 977 719 1035 Hieronem
743 978 935 1054 Syracusanum

205 1079 302 1140 praeter
320 1061 411 1138 spolia,
438 1058 546 1116 millum
569 1057 650 1114 etiam
670 1055 804 1114 frumenti
824 1060 935 1134 pretium

205 1144 252 1214 eft,
274 1162 329 1220 quo
347 1143 416 1199 inter
431 1138 503 1196 bella
518 1136 624 1195 Gallica
642 1147 703 1194 retu
717 1135 877 1197 Romanam
894 1139 935 1215 ju·

205 1236 289 1282 verat.

248 1303 332 1360 LVI.
356 1300 433 1358 Novi
451 1297 578 1376 deinceps
593 1297 680 1357 hostes
697 1297 757 1356 Istri
772 1299 874 1370 exorti,
893 1297 937 1376 qui

205 1383 319 1459 piratico
339 1381 434 1439 scelere
457 1382 542 1438 maria
560 1377 724 1452 infestantes,
749 1379 938 1438 Romanomm

205 1464 308 1539 aliquot
322 1481 403 1520 naves
417 1460 603 1519 frumentarias
617 1458 796 1537 diripuerant.
832 1460 938 1518 Adver-

114 1541 186 1590 Ἠ·
207 1545 251 1602 sris
272 1545 321 1601 hos
344 1542 424 1599 ambo
444 1541 574 1610 consules,
596 1540 627 1598 P.
644 1540 802 1610 Comelius,
825 1542 871 1600 M.
885 1540 937 1598 Mi-

126 1617 183 1663 53'·
206 1625 301 1682 nucius
317 1622 405 1680 Rufus
420 1622 498 1692 niffi,
513 1622 613 1678 multos
627 1620 745 1697 populos
757 1620 789 1677 vi
803 1635 849 1679 aut
864 1620 937 1679 dedi·

37 1709 40 1715 .
115 1669 145 1712 Α.
156 1669 182 1714 C.

125 1744 181 1778 22„
207 1707 281 1762 aione
300 1704 468 1773 subegerunt.
502 1699 719 1777 Triumphatum
738 1714 832 1758 tamen
848 1701 883 1759 ab
899 1701 938 1758 his

206 1805 262 1841 non
280 1782 395 1858 reperio,
417 1782 510 1852 credo,
531 1781 593 1856 quia
612 1780 798 1838 multoeciam
814 1782 938 1839 Romano

206 1865 331 1932 sanguiue
349 1863 461 1917 vieloria
480 1859 640 1916 constiterat.
678 1859 745 1918 Hoc
764 1879 835 1918 anno
852 1860 937 1917 infau-

206 1945 274 2000 stum
291 1939 382 1997 multis
399 1938 523 2010 gentibus
537 1937 698 2016 urbibusque
712 1938 786 1997 srdus
800 1941 829 1998 in
843 1940 939 2018 H'spa·

138 2055 143 2063 ·
206 2020 251 2081 nia
263 2035 388 2080 exortum
399 2020 446 2091 est,
460 2018 616 2077 Asdrubalis
628 2018 758 2078 succeffor
766 2022 896 2094 Annibal,
907 2022 938 2078 de

207 2105 286 2180 cujus
299 2102 380 2160 initiis
395 2100 522 2178 gestisque
536 2099 621 2157 multa
634 2098 765 2179 deinceps
779 2103 877 2178 majori
890 2103 939 2180 spi·

115 2214 149 2259 υ,
162 2215 190 2260 c,
209 2187 262 2244 ritu
275 2181 388 2241 dicenda
400 2195 488 2241 erunt.
514 2180 621 2238 Interea
630 2181 698 2255 novi
709 2181 834 2241 consules
845 2184 937 2241 uve-

129 2290 186 2339 53⁸·
210 2265 306 2335 tutius,
327 2264 362 2322 C.
376 2262 499 2319 Lutatius
513 2280 577 2319 cum
591 2261 710 2319 exercitu
725 2261 761 2319 ad
776 2263 865 2341 Alpes
879 2284 938 2342 pro·

118 2347 146 2388 A
160 2344 188 2388 (λ
211 2345 284 2417 grellr
305 2343 373 2402 sunt.
395 2341 440 2399 scd
458 2340 658 2400 conditionibus
680 2342 779 2413 magis,
800 2343 883 2421 quim
899 2363 937 2401 ar-

130 2419 188 2455 ²²⁰·
211 2427 264 2484 mis
278 2423 327 2493 usr,
349 2422 449 2479 multos
463 2441 559 2480 eorum
573 2420 698 2478 locorum
711 2422 831 2498 populos
845 2425 937 2482 volun·

210 2519 264 2562 tare
285 2504 402 2579 ipsorum
423 2501 458 2559 ad
478 2501 624 2560 amicitim
644 2501 801 2561 Romanam
823 2504 937 2564 adduxe·

105 2620 107 2626 ·
209 2599 283 2643 runt.

252 2664 354 2722 LVII.
377 2663 482 2721 Bellum
498 2663 551 2722 hoc
566 2676 689 2740 tempore
702 2682 769 2722 cum
784 2664 888 2743 Illyriis
901 2666 938 2724 in-

209 2746 353 2804 stauratum
373 2744 410 2802 est
428 2745 599 2820 improbitate
618 2744 755 2804 Demetrii
774 2745 876 2820 Pharii,
896 2746 938 2804 ad·

211 2826 303 2883 versus
317 2845 399 2902 quem
414 2824 460 2882 sub
473 2825 598 2881 amicitiae
609 2824 742 2882 Romanae
756 2841 891 2904 praetextu
903 2828 939 2884 vi·

211 2906 284 2961 cinae
304 2907 425 2962 clvitates
447 2904 556 2963 arbitrio
575 2903 623 2961 suo
641 2918 796 2978 vexantem,
818 2909 940 2966 omnibus

211 3003 247 3042 ex
261 2985 381 3062 parribus
398 2986 513 3063 querela
526 2997 667 3046 venerunt.
699 2983 778 3045 Nam
792 2986 879 3050 fretus
894 3006 938 3069 po
