<?xml version="1.0" encoding="UTF-8"?>
<!DOCTYPE html PUBLIC "-//W3C//DTD XHTML 1.0 Transitional//EN"
    "http://www.w3.org/TR/xhtml1/DTD/xhtml1-transitional.dtd">
<html xmlns="http://www.w3.org/1999/xhtml" xml:lang="en" lang="en">
 <head>
  <title>
</title>
<meta http-equiv="Content-Type" content="text/html;charset=utf-8" />
  <meta name='ocr-system' content='tesseract 3.04.00' />
  <meta name='ocr-capabilities' content='ocr_page ocr_carea ocr_par ocr_line ocrx_word'/>
</head>
<body>
  <div class='ocr_page' id='page_1' title='image "./appendixliviana00livygoog_0283.png"; bbox 0 0 1956 3736; ppageno 0'>
   <div class='ocr_carea' id='block_1_1' title="bbox 200 157 778 237">
    <p class='ocr_par' dir='ltr' id='par_1_1' title="bbox 200 157 778 237">
     <span class='ocr_line' id='line_1_1' title="bbox 200 157 778 237; baseline -0.01 -21"><span class='ocrx_word' id='word_1_1' title='bbox 200 161 256 236; x_wconf 79' lang='lat'><strong>148</strong></span> <span class='ocrx_word' id='word_1_2' title='bbox 352 157 778 237; x_wconf 52' lang='lat' dir='ltr'><strong>incrusurum</strong></span> 
     </span>
    </p>
   </div>
   <div class='ocr_carea' id='block_1_2' title="bbox 107 286 927 608">
    <p class='ocr_par' dir='ltr' id='par_1_2' title="bbox 107 286 927 608">
     <span class='ocr_line' id='line_1_2' title="bbox 107 286 924 368; baseline -0.007 -18"><span class='ocrx_word' id='word_1_3' title='bbox 107 312 141 366; x_wconf 63' lang='grc' dir='ltr'><strong>ῃ,</strong></span> <span class='ocrx_word' id='word_1_4' title='bbox 153 317 180 365; x_wconf 69' lang='lat'>0</span> <span class='ocrx_word' id='word_1_5' title='bbox 198 292 275 350; x_wconf 85' lang='lat' dir='ltr'><strong>vium</strong></span> <span class='ocrx_word' id='word_1_6' title='bbox 285 290 371 368; x_wconf 85' lang='lat' dir='ltr'><strong>capita</strong></span> <span class='ocrx_word' id='word_1_7' title='bbox 381 288 497 347; x_wconf 75' lang='lat' dir='ltr'>ducenta</span> <span class='ocrx_word' id='word_1_8' title='bbox 507 290 654 361; x_wconf 71' lang='lat' dir='ltr'><strong>nonaginta</strong></span> <span class='ocrx_word' id='word_1_9' title='bbox 664 286 924 363; x_wconf 65' lang='lat' dir='ltr'><strong>duomillinducen·</strong></span> 
     </span>
     <span class='ocr_line' id='line_1_3' title="bbox 118 367 925 448; baseline -0.002 -20"><span class='ocrx_word' id='word_1_10' title='bbox 118 380 176 442; x_wconf 75' lang='lat'><strong>4⁸⁸·</strong></span> <span class='ocrx_word' id='word_1_11' title='bbox 198 387 225 432; x_wconf 82' lang='lat' dir='ltr'><strong>ta</strong></span> <span class='ocrx_word' id='word_1_12' title='bbox 234 372 330 442; x_wconf 77' lang='lat' dir='ltr'><strong>viginti</strong></span> <span class='ocrx_word' id='word_1_13' title='bbox 342 384 471 448; x_wconf 78' lang='lat' dir='ltr'><strong>quatuor:</strong></span> <span class='ocrx_word' id='word_1_14' title='bbox 486 390 616 428; x_wconf 82' lang='lat' dir='ltr'><strong>numerus</strong></span> <span class='ocrx_word' id='word_1_15' title='bbox 628 367 687 427; x_wconf 67' lang='lat' dir='ltr'><strong>sane</strong></span> <span class='ocrx_word' id='word_1_16' title='bbox 697 389 823 442; x_wconf 73' lang='lat' dir='ltr'><strong>magnus,</strong></span> <span class='ocrx_word' id='word_1_17' title='bbox 831 376 856 428; x_wconf 75' lang='lat' dir='ltr'><strong>dr</strong></span> <span class='ocrx_word' id='word_1_18' title='bbox 867 387 925 447; x_wconf 88' lang='lat' dir='ltr'><strong>pro·</strong></span> 
     </span>
     <span class='ocr_line' id='line_1_4' title="bbox 107 448 927 530; baseline -0.004 -22"><span class='ocrx_word' id='word_1_19' title='bbox 107 449 140 495; x_wconf 54' lang='grc' dir='ltr'><strong>ί·</strong></span> <span class='ocrx_word' id='word_1_20' title='bbox 151 450 180 496; x_wconf 70' lang='lat' dir='ltr'><strong>C·</strong></span> <span class='ocrx_word' id='word_1_21' title='bbox 197 451 345 530; x_wconf 87' lang='lat' dir='ltr'><strong>pemodum</strong></span> <span class='ocrx_word' id='word_1_22' title='bbox 358 451 534 522; x_wconf 86' lang='lat' dir='ltr'><strong>incredibilis,</strong></span> <span class='ocrx_word' id='word_1_23' title='bbox 542 465 584 509; x_wconf 83' lang='lat' dir='ltr'><strong>tot</strong></span> <span class='ocrx_word' id='word_1_24' title='bbox 598 449 733 509; x_wconf 89' lang='lat' dir='ltr'><strong>bellorum</strong></span> <span class='ocrx_word' id='word_1_25' title='bbox 745 448 760 509; x_wconf 72' lang='lat' dir='ltr'><strong>i</strong></span> <span class='ocrx_word' id='word_1_26' title='bbox 773 451 867 529; x_wconf 86' lang='lat' dir='ltr'><strong>primis</strong></span> <span class='ocrx_word' id='word_1_27' title='bbox 877 451 927 508; x_wconf 84' lang='lat' dir='ltr'><strong>fer·</strong></span> 
     </span>
     <span class='ocr_line' id='line_1_5' title="bbox 118 510 927 608; baseline -0.005 -17"><span class='ocrx_word' id='word_1_28' title='bbox 118 510 176 570; x_wconf 78' lang='lat'><strong>⁸⁶⁴·</strong></span> <span class='ocrx_word' id='word_1_29' title='bbox 198 553 243 591; x_wconf 87' lang='lat' dir='ltr'><strong>me</strong></span> <span class='ocrx_word' id='word_1_30' title='bbox 263 532 338 589; x_wconf 89' lang='lat' dir='ltr'><strong>urbia</strong></span> <span class='ocrx_word' id='word_1_31' title='bbox 360 531 444 590; x_wconf 82' lang='lat' dir='ltr'><strong>initiis</strong></span> <span class='ocrx_word' id='word_1_32' title='bbox 463 551 603 608; x_wconf 80' lang='lat' dir='ltr'><strong>nunquam</strong></span> <span class='ocrx_word' id='word_1_33' title='bbox 629 529 786 590; x_wconf 74' lang='lat' dir='ltr'><strong>cellantium</strong></span> <span class='ocrx_word' id='word_1_34' title='bbox 806 532 927 590; x_wconf 80' lang='lat' dir='ltr'><strong>contium</strong></span> 
     </span>
    </p>
   </div>
   <div class='ocr_carea' id='block_1_3' title="bbox 148 611 940 3103">
    <p class='ocr_par' dir='ltr' id='par_1_3' title="bbox 148 611 940 3103">
     <span class='ocr_line' id='line_1_6' title="bbox 197 611 928 689; baseline -0.001 -19"><span class='ocrx_word' id='word_1_35' title='bbox 197 612 369 684; x_wconf 83' lang='lat' dir='ltr'><strong>detrimenta,</strong></span> <span class='ocrx_word' id='word_1_36' title='bbox 390 627 432 671; x_wconf 87' lang='lat' dir='ltr'><strong>tot</strong></span> <span class='ocrx_word' id='word_1_37' title='bbox 446 632 480 671; x_wconf 80' lang='lat' dir='ltr'><strong>ex</strong></span> <span class='ocrx_word' id='word_1_38' title='bbox 499 611 647 689; x_wconf 83' lang='lat' dir='ltr'><strong>pestilentia</strong></span> <span class='ocrx_word' id='word_1_39' title='bbox 661 611 816 689; x_wconf 81' lang='lat' dir='ltr'>morbisque</span> <span class='ocrx_word' id='word_1_40' title='bbox 829 611 928 670; x_wconf 77' lang='lat' dir='ltr'><strong>laevilli·</strong></span> 
     </span>
     <span class='ocr_line' id='line_1_7' title="bbox 197 693 928 764; baseline -0.003 -12"><span class='ocrx_word' id='word_1_41' title='bbox 197 695 251 752; x_wconf 87' lang='lat' dir='ltr'><strong>mis</strong></span> <span class='ocrx_word' id='word_1_42' title='bbox 268 711 326 751; x_wconf 87' lang='lat' dir='ltr'><strong>non</strong></span> <span class='ocrx_word' id='word_1_43' title='bbox 339 694 459 751; x_wconf 83' lang='lat' dir='ltr'><strong>minores</strong></span> <span class='ocrx_word' id='word_1_44' title='bbox 472 693 575 750; x_wconf 80' lang='lat' dir='ltr'><strong>bellicis</strong></span> <span class='ocrx_word' id='word_1_45' title='bbox 588 693 686 764; x_wconf 75' lang='lat' dir='ltr'><strong>strages</strong></span> <span class='ocrx_word' id='word_1_46' title='bbox 699 693 841 763; x_wconf 76' lang='lat' dir='ltr'><strong>cogitanti.</strong></span> <span class='ocrx_word' id='word_1_47' title='bbox 877 693 928 750; x_wconf 89' lang='lat' dir='ltr'><strong>Ce-</strong></span> 
     </span>
     <span class='ocr_line' id='line_1_8' title="bbox 197 772 930 850; baseline -0.001 -18"><span class='ocrx_word' id='word_1_48' title='bbox 197 774 286 832; x_wconf 83' lang='lat' dir='ltr'><strong>teritm</strong></span> <span class='ocrx_word' id='word_1_49' title='bbox 305 773 363 832; x_wconf 83' lang='lat' dir='ltr'><strong>aliia</strong></span> <span class='ocrx_word' id='word_1_50' title='bbox 376 773 484 850; x_wconf 84' lang='lat' dir='ltr'><strong>aliisque</strong></span> <span class='ocrx_word' id='word_1_51' title='bbox 500 772 611 830; x_wconf 85' lang='lat' dir='ltr'>subinde</span> <span class='ocrx_word' id='word_1_52' title='bbox 627 772 736 850; x_wconf 82' lang='lat' dir='ltr'><strong>populis</strong></span> <span class='ocrx_word' id='word_1_53' title='bbox 749 773 778 830; x_wconf 88' lang='lat' dir='ltr'><strong>in</strong></span> <span class='ocrx_word' id='word_1_54' title='bbox 796 773 930 831; x_wconf 83' lang='lat' dir='ltr'><strong>civitatem</strong></span> 
     </span>
     <span class='ocr_line' id='line_1_9' title="bbox 198 851 930 933; baseline -0.007 -18"><span class='ocrx_word' id='word_1_55' title='bbox 198 854 370 933; x_wconf 86' lang='lat' dir='ltr'><strong>recipiendis,</strong></span> <span class='ocrx_word' id='word_1_56' title='bbox 391 854 467 931; x_wconf 90' lang='lat' dir='ltr'><strong>quod</strong></span> <span class='ocrx_word' id='word_1_57' title='bbox 483 853 632 912; x_wconf 85' lang='lat' dir='ltr'><strong>institutum</strong></span> <span class='ocrx_word' id='word_1_58' title='bbox 648 851 663 909; x_wconf 74' lang='lat' dir='ltr'><strong>i</strong></span> <span class='ocrx_word' id='word_1_59' title='bbox 679 852 794 910; x_wconf 88' lang='lat' dir='ltr'><strong>Romuli</strong></span> <span class='ocrx_word' id='word_1_60' title='bbox 809 852 930 930; x_wconf 72' lang='lat' dir='ltr'><strong>fipientia</strong></span> 
     </span>
     <span class='ocr_line' id='line_1_10' title="bbox 191 933 930 1015; baseline -0.007 -20"><span class='ocrx_word' id='word_1_61' title='bbox 191 937 353 1015; x_wconf 74' lang='lat' dir='ltr'><strong>-profcstum</strong></span> <span class='ocrx_word' id='word_1_62' title='bbox 374 934 472 1013; x_wconf 82' lang='lat' dir='ltr'><strong>posteri</strong></span> <span class='ocrx_word' id='word_1_63' title='bbox 491 933 640 991; x_wconf 78' lang='lat' dir='ltr'><strong>constanter</strong></span> <span class='ocrx_word' id='word_1_64' title='bbox 659 946 815 1004; x_wconf 80' lang='lat' dir='ltr'><strong>tenuerunt,</strong></span> <span class='ocrx_word' id='word_1_65' title='bbox 835 933 930 991; x_wconf 69' lang='lat' dir='ltr'><strong>invidit</strong></span> 
     </span>
     <span class='ocr_line' id='line_1_11' title="bbox 191 1012 929 1094; baseline -0.005 -19"><span class='ocrx_word' id='word_1_66' title='bbox 191 1018 331 1094; x_wconf 80' lang='lat' dir='ltr'><strong>nullisque</strong></span> <span class='ocrx_word' id='word_1_67' title='bbox 352 1015 473 1073; x_wconf 79' lang='lat' dir='ltr'><strong>cladibus</strong></span> <span class='ocrx_word' id='word_1_68' title='bbox 496 1012 649 1090; x_wconf 83' lang='lat' dir='ltr'><strong>superabilis</strong></span> <span class='ocrx_word' id='word_1_69' title='bbox 669 1013 764 1070; x_wconf 72' lang='lat' dir='ltr'><strong>effeila</strong></span> <span class='ocrx_word' id='word_1_70' title='bbox 785 1013 824 1072; x_wconf 88' lang='lat' dir='ltr'><strong>est</strong></span> <span class='ocrx_word' id='word_1_71' title='bbox 842 1013 929 1091; x_wconf 89' lang='lat' dir='ltr'><strong>respu-</strong></span> 
     </span>
     <span class='ocr_line' id='line_1_12' title="bbox 188 1091 930 1173; baseline 0.005 -24"><span class='ocrx_word' id='word_1_72' title='bbox 188 1098 287 1156; x_wconf 81' lang='lat' dir='ltr'><strong>blica:</strong></span> <span class='ocrx_word' id='word_1_73' title='bbox 309 1115 391 1173; x_wconf 82' lang='lat' dir='ltr'><strong>quarn</strong></span> <span class='ocrx_word' id='word_1_74' title='bbox 410 1114 460 1152; x_wconf 86' lang='lat' dir='ltr'><strong>nec</strong></span> <span class='ocrx_word' id='word_1_75' title='bbox 479 1091 613 1170; x_wconf 75' lang='lat' dir='ltr'><strong>iPyrrho</strong></span> <span class='ocrx_word' id='word_1_76' title='bbox 632 1092 695 1150; x_wconf 85' lang='lat' dir='ltr'><strong>data</strong></span> <span class='ocrx_word' id='word_1_77' title='bbox 715 1091 827 1165; x_wconf 82' lang='lat' dir='ltr'><strong>damna,</strong></span> <span class='ocrx_word' id='word_1_78' title='bbox 847 1112 930 1172; x_wconf 87' lang='lat' dir='ltr'><strong>neque</strong></span> 
     </span>
     <span class='ocr_line' id='line_1_13' title="bbox 189 1173 931 1252; baseline -0.008 -15"><span class='ocrx_word' id='word_1_79' title='bbox 189 1177 337 1247; x_wconf 73' lang='lat' dir='ltr'><strong>naufragia</strong></span> <span class='ocrx_word' id='word_1_80' title='bbox 350 1175 500 1252; x_wconf 82' lang='lat' dir='ltr'><strong>frequentia</strong></span> <span class='ocrx_word' id='word_1_81' title='bbox 516 1174 605 1251; x_wconf 88' lang='lat' dir='ltr'><strong>primo</strong></span> <span class='ocrx_word' id='word_1_82' title='bbox 621 1173 723 1231; x_wconf 84' lang='lat' dir='ltr'><strong>Punico</strong></span> <span class='ocrx_word' id='word_1_83' title='bbox 740 1173 826 1244; x_wconf 87' lang='lat' dir='ltr'><strong>bello,</strong></span> <span class='ocrx_word' id='word_1_84' title='bbox 846 1193 931 1250; x_wconf 86' lang='lat' dir='ltr'><strong>neque</strong></span> 
     </span>
     <span class='ocr_line' id='line_1_14' title="bbox 189 1253 929 1331; baseline 0.001 -20"><span class='ocrx_word' id='word_1_85' title='bbox 189 1257 316 1318; x_wconf 78' lang='lat' dir='ltr'><strong>‚secundo</strong></span> <span class='ocrx_word' id='word_1_86' title='bbox 336 1255 511 1313; x_wconf 76' lang='lat' dir='ltr'><strong>Trasimenus</strong></span> <span class='ocrx_word' id='word_1_87' title='bbox 529 1258 555 1310; x_wconf 73' lang='grc' dir='ltr'><strong>δι</strong></span> <span class='ocrx_word' id='word_1_88' title='bbox 574 1254 677 1313; x_wconf 79' lang='lat' dir='ltr'><strong>eannae</strong></span> <span class='ocrx_word' id='word_1_89' title='bbox 697 1268 846 1331; x_wconf 88' lang='lat' dir='ltr'><strong>potuerunt</strong></span> <span class='ocrx_word' id='word_1_90' title='bbox 866 1253 929 1312; x_wconf 75' lang='lat' dir='ltr'><strong>affli-</strong></span> 
     </span>
     <span class='ocr_line' id='line_1_15' title="bbox 190 1333 929 1414; baseline -0.003 -19"><span class='ocrx_word' id='word_1_91' title='bbox 190 1356 274 1410; x_wconf 69' lang='lat' dir='ltr'><strong>gere,</strong></span> <span class='ocrx_word' id='word_1_92' title='bbox 294 1336 362 1414; x_wconf 88' lang='lat' dir='ltr'><strong>quin</strong></span> <span class='ocrx_word' id='word_1_93' title='bbox 380 1356 414 1393; x_wconf 85' lang='lat' dir='ltr'><strong>ex</strong></span> <span class='ocrx_word' id='word_1_94' title='bbox 432 1333 615 1392; x_wconf 88' lang='lat' dir='ltr'><strong>incommodis</strong></span> <span class='ocrx_word' id='word_1_95' title='bbox 633 1333 685 1392; x_wconf 87' lang='lat' dir='ltr'><strong>suia</strong></span> <span class='ocrx_word' id='word_1_96' title='bbox 706 1333 860 1394; x_wconf 84' lang='lat' dir='ltr'><strong>identidem</strong></span> <span class='ocrx_word' id='word_1_97' title='bbox 878 1335 929 1393; x_wconf 76' lang='lat' dir='ltr'><strong>ale·</strong></span> 
     </span>
     <span class='ocr_line' id='line_1_16' title="bbox 188 1415 622 1494; baseline -0.016 -16"><span class='ocrx_word' id='word_1_98' title='bbox 188 1418 271 1477; x_wconf 85' lang='lat' dir='ltr'><strong>·crior</strong></span> <span class='ocrx_word' id='word_1_99' title='bbox 282 1416 452 1494; x_wconf 84' lang='lat' dir='ltr'><strong>ferociorque</strong></span> <span class='ocrx_word' id='word_1_100' title='bbox 464 1415 622 1486; x_wconf 84' lang='lat' dir='ltr'><strong>resurgeret.</strong></span> 
     </span>
     <span class='ocr_line' id='line_1_17' title="bbox 190 1495 930 1557; baseline -0.004 1"><span class='ocrx_word' id='word_1_101' title='bbox 190 1546 194 1557; x_wconf 89' lang='lat'><em>.</em></span> <span class='ocrx_word' id='word_1_102' title='bbox 246 1498 329 1557; x_wconf 88' lang='lat' dir='ltr'><strong>XLI.</strong></span> <span class='ocrx_word' id='word_1_103' title='bbox 360 1497 400 1555; x_wconf 88' lang='lat' dir='ltr'><strong>At</strong></span> <span class='ocrx_word' id='word_1_104' title='bbox 418 1496 448 1553; x_wconf 89' lang='lat' dir='ltr'><strong>in</strong></span> <span class='ocrx_word' id='word_1_105' title='bbox 468 1495 578 1553; x_wconf 78' lang='lat' dir='ltr'><strong>Graecio</strong></span> <span class='ocrx_word' id='word_1_106' title='bbox 599 1495 803 1555; x_wconf 76' lang='lat' dir='ltr'><strong>Lacedaemonii</strong></span> <span class='ocrx_word' id='word_1_107' title='bbox 825 1495 930 1557; x_wconf 81' lang='lat' dir='ltr'><strong>militari</strong></span> 
     </span>
     <span class='ocr_line' id='line_1_18' title="bbox 187 1576 929 1657; baseline -0.004 -17"><span class='ocrx_word' id='word_1_108' title='bbox 187 1579 279 1641; x_wconf 84' lang='lat' dir='ltr'><strong>-laude</strong></span> <span class='ocrx_word' id='word_1_109' title='bbox 294 1577 381 1657; x_wconf 78' lang='lat' dir='ltr'><strong>&amp;ipsu</strong></span> <span class='ocrx_word' id='word_1_110' title='bbox 396 1576 575 1657; x_wconf 77' lang='lat' dir='ltr'><strong>percelebres,</strong></span> <span class='ocrx_word' id='word_1_111' title='bbox 596 1596 684 1654; x_wconf 90' lang='lat' dir='ltr'><strong>neque</strong></span> <span class='ocrx_word' id='word_1_112' title='bbox 698 1578 814 1654; x_wconf 77' lang='lat' dir='ltr'><strong>impares</strong></span> <span class='ocrx_word' id='word_1_113' title='bbox 829 1580 929 1637; x_wconf 85' lang='lat' dir='ltr'><strong>Roma·</strong></span> 
     </span>
     <span class='ocr_line' id='line_1_19' title="bbox 199 1656 929 1749; baseline -0.005 -29"><span class='ocrx_word' id='word_1_114' title='bbox 199 1682 244 1721; x_wconf 81' lang='lat' dir='ltr'><strong>nae</strong></span> <span class='ocrx_word' id='word_1_115' title='bbox 262 1659 367 1733; x_wconf 88' lang='lat' dir='ltr'><strong>virtuti,</strong></span> <span class='ocrx_word' id='word_1_116' title='bbox 393 1659 523 1737; x_wconf 85' lang='lat' dir='ltr'><strong>quoniam</strong></span> <span class='ocrx_word' id='word_1_117' title='bbox 542 1656 667 1714; x_wconf 80' lang='lat' dir='ltr'><strong>arcebant</strong></span> <span class='ocrx_word' id='word_1_118' title='bbox 680 1659 859 1749; x_wconf 55' lang='lat' dir='ltr'><strong>peregrinos,</strong></span> <span class='ocrx_word' id='word_1_119' title='bbox 884 1675 929 1716; x_wconf 81' lang='lat' dir='ltr'><strong>nec</strong></span> 
     </span>
     <span class='ocr_line' id='line_1_20' title="bbox 185 1736 940 1898; baseline 0.024 -38"><span class='ocrx_word' id='word_1_120' title='bbox 185 1736 834 1894; x_wconf 58' lang='lat' dir='ltr'><strong>.urrinuriprutrnllrrsr</strong></span> <span class='ocrx_word' id='word_1_121' title='bbox 849 1739 940 1898; x_wconf 61' lang='lat' dir='ltr'><strong>hri</strong></span> 
     </span>
     <span class='ocr_line' id='line_1_21' title="bbox 200 1898 928 1978; baseline 0.003 -21"><span class='ocrx_word' id='word_1_122' title='bbox 200 1899 344 1957; x_wconf 71' lang='lat' dir='ltr'><strong>Leudlrici</strong></span> <span class='ocrx_word' id='word_1_123' title='bbox 366 1898 456 1974; x_wconf 76' lang='lat' dir='ltr'><strong>pugni</strong></span> <span class='ocrx_word' id='word_1_124' title='bbox 477 1898 552 1956; x_wconf 89' lang='lat' dir='ltr'><strong>mille</strong></span> <span class='ocrx_word' id='word_1_125' title='bbox 577 1918 634 1956; x_wconf 91' lang='lat' dir='ltr'><strong>non</strong></span> <span class='ocrx_word' id='word_1_126' title='bbox 659 1898 775 1977; x_wconf 79' lang='lat' dir='ltr'><strong>arnplius</strong></span> <span class='ocrx_word' id='word_1_127' title='bbox 796 1900 928 1978; x_wconf 72' lang='lat' dir='ltr'><strong>Spartiatae</strong></span> 
     </span>
     <span class='ocr_line' id='line_1_22' title="bbox 197 1977 926 2056; baseline 0.001 -17"><span class='ocrx_word' id='word_1_128' title='bbox 197 1978 367 2050; x_wconf 84' lang='lat' dir='ltr'><strong>cecidiffent‚</strong></span> <span class='ocrx_word' id='word_1_129' title='bbox 395 1977 516 2054; x_wconf 86' lang='lat' dir='ltr'><strong>protinus</strong></span> <span class='ocrx_word' id='word_1_130' title='bbox 541 1979 663 2056; x_wconf 85' lang='lat' dir='ltr'><strong>potentia</strong></span> <span class='ocrx_word' id='word_1_131' title='bbox 684 1979 802 2040; x_wconf 84' lang='lat' dir='ltr'><strong>civitatis</strong></span> <span class='ocrx_word' id='word_1_132' title='bbox 822 1981 926 2040; x_wconf 90' lang='lat' dir='ltr'><strong>corruit.</strong></span> 
     </span>
     <span class='ocr_line' id='line_1_23' title="bbox 198 2058 927 2123; baseline 0.003 -3"><span class='ocrx_word' id='word_1_133' title='bbox 198 2062 305 2121; x_wconf 88' lang='lat' dir='ltr'><strong>Iterum</strong></span> <span class='ocrx_word' id='word_1_134' title='bbox 323 2059 359 2117; x_wconf 84' lang='lat' dir='ltr'><strong>ad</strong></span> <span class='ocrx_word' id='word_1_135' title='bbox 373 2058 507 2117; x_wconf 78' lang='lat' dir='ltr'><strong>Sellasiam</strong></span> <span class='ocrx_word' id='word_1_136' title='bbox 523 2060 797 2121; x_wconf 81' lang='lat' dir='ltr'><strong>Lacedaemoniorum</strong></span> <span class='ocrx_word' id='word_1_137' title='bbox 817 2063 862 2123; x_wconf 91' lang='lat' dir='ltr'><strong>sex</strong></span> <span class='ocrx_word' id='word_1_138' title='bbox 879 2058 927 2122; x_wconf 82' lang='lat' dir='ltr'><strong>ler-</strong></span> 
     </span>
     <span class='ocr_line' id='line_1_24' title="bbox 148 2140 927 2215; baseline 0 -11"><span class='ocrx_word' id='word_1_139' title='bbox 148 2144 154 2151; x_wconf 74' lang='grc'>’</span> <span class='ocrx_word' id='word_1_140' title='bbox 198 2163 245 2204; x_wconf 89' lang='lat' dir='ltr'><strong>me</strong></span> <span class='ocrx_word' id='word_1_141' title='bbox 271 2141 424 2202; x_wconf 77' lang='lat' dir='ltr'><strong>desideratio</strong></span> <span class='ocrx_word' id='word_1_142' title='bbox 443 2140 573 2215; x_wconf 84' lang='lat' dir='ltr'><strong>millibus,</strong></span> <span class='ocrx_word' id='word_1_143' title='bbox 599 2142 687 2201; x_wconf 73' lang='lat' dir='ltr'><strong>stetim</strong></span> <span class='ocrx_word' id='word_1_144' title='bbox 712 2144 805 2203; x_wconf 74' lang='lat' dir='ltr'><strong>nmilia</strong></span> <span class='ocrx_word' id='word_1_145' title='bbox 829 2143 927 2204; x_wconf 74' lang='lat' dir='ltr'><strong>libertas</strong></span> 
     </span>
     <span class='ocr_line' id='line_1_25' title="bbox 199 2218 926 2300; baseline -0.004 -15"><span class='ocrx_word' id='word_1_146' title='bbox 199 2227 246 2286; x_wconf 85' lang='lat' dir='ltr'><strong>est.</strong></span> <span class='ocrx_word' id='word_1_147' title='bbox 288 2224 386 2284; x_wconf 83' lang='lat' dir='ltr'><strong>Achaei</strong></span> <span class='ocrx_word' id='word_1_148' title='bbox 409 2218 475 2281; x_wconf 75' lang='lat' dir='ltr'><strong>verb</strong></span> <span class='ocrx_word' id='word_1_149' title='bbox 499 2222 618 2298; x_wconf 85' lang='lat' dir='ltr'><strong>ejusdem</strong></span> <span class='ocrx_word' id='word_1_150' title='bbox 639 2223 816 2300; x_wconf 78' lang='lat' dir='ltr'><strong>Peloponnesi</strong></span> <span class='ocrx_word' id='word_1_151' title='bbox 839 2222 926 2284; x_wconf 74' lang='lat' dir='ltr'><strong>incole</strong></span> 
     </span>
     <span class='ocr_line' id='line_1_26' title="bbox 198 2302 925 2383; baseline -0.001 -17"><span class='ocrx_word' id='word_1_152' title='bbox 198 2307 305 2368; x_wconf 81' lang='lat' dir='ltr'><strong>vicinos</strong></span> <span class='ocrx_word' id='word_1_153' title='bbox 323 2323 418 2364; x_wconf 83' lang='lat' dir='ltr'><strong>omnes</strong></span> <span class='ocrx_word' id='word_1_154' title='bbox 439 2323 519 2381; x_wconf 74' lang='lat' dir='ltr'><strong>aequo</strong></span> <span class='ocrx_word' id='word_1_155' title='bbox 535 2304 596 2379; x_wconf 89' lang='lat' dir='ltr'><strong>jure</strong></span> <span class='ocrx_word' id='word_1_156' title='bbox 615 2303 764 2383; x_wconf 84' lang='lat' dir='ltr'><strong>complexi,</strong></span> <span class='ocrx_word' id='word_1_157' title='bbox 784 2302 925 2383; x_wconf 85' lang='lat' dir='ltr'><strong>pulcherri-</strong></span> 
     </span>
     <span class='ocr_line' id='line_1_27' title="bbox 199 2382 925 2461; baseline 0 -16"><span class='ocrx_word' id='word_1_158' title='bbox 199 2407 276 2446; x_wconf 83' lang='lat' dir='ltr'><strong>mam</strong></span> <span class='ocrx_word' id='word_1_159' title='bbox 293 2385 486 2444; x_wconf 85' lang='lat' dir='ltr'><strong>constituerunt</strong></span> <span class='ocrx_word' id='word_1_160' title='bbox 501 2382 709 2461; x_wconf 75' lang='lat' dir='ltr'><strong>rempublicam,</strong></span> <span class='ocrx_word' id='word_1_161' title='bbox 730 2389 757 2443; x_wconf 76' lang='grc' dir='ltr'><strong>δι</strong></span> <span class='ocrx_word' id='word_1_162' title='bbox 770 2387 925 2454; x_wconf 77' lang='lat' dir='ltr'><strong>mensurant,</strong></span> 
     </span>
     <span class='ocr_line' id='line_1_28' title="bbox 198 2464 924 2541; baseline -0.007 -15"><span class='ocrx_word' id='word_1_163' title='bbox 198 2467 249 2526; x_wconf 79' lang='lat' dir='ltr'><strong>nisu</strong></span> <span class='ocrx_word' id='word_1_164' title='bbox 263 2466 416 2523; x_wconf 81' lang='lat' dir='ltr'><strong>Romanam</strong></span> <span class='ocrx_word' id='word_1_165' title='bbox 437 2464 586 2541; x_wconf 84' lang='lat' dir='ltr'><strong>potentiam</strong></span> <span class='ocrx_word' id='word_1_166' title='bbox 598 2478 657 2522; x_wconf 91' lang='lat' dir='ltr'><strong>tum</strong></span> <span class='ocrx_word' id='word_1_167' title='bbox 671 2464 754 2523; x_wconf 84' lang='lat' dir='ltr'><strong>etiam</strong></span> <span class='ocrx_word' id='word_1_168' title='bbox 767 2465 851 2539; x_wconf 74' lang='lat' dir='ltr'><strong>longe</strong></span> <span class='ocrx_word' id='word_1_169' title='bbox 861 2465 924 2522; x_wconf 79' lang='lat' dir='ltr'><strong>&#39;lati-</strong></span> 
     </span>
     <span class='ocr_line' id='line_1_29' title="bbox 197 2544 923 2686; baseline -0.003 -82"><span class='ocrx_word' id='word_1_170' title='bbox 197 2567 253 2686; x_wconf 42' lang='lat' dir='ltr'><strong>ssue</strong></span> <span class='ocrx_word' id='word_1_171' title='bbox 266 2546 456 2638; x_wconf 76' lang='lat' dir='ltr'><strong>imperantem,</strong></span> <span class='ocrx_word' id='word_1_172' title='bbox 470 2544 568 2602; x_wconf 79' lang='lat' dir='ltr'><strong>insania</strong></span> <span class='ocrx_word' id='word_1_173' title='bbox 580 2563 728 2620; x_wconf 75' lang='lat' dir='ltr'><strong>paucorum</strong></span> <span class='ocrx_word' id='word_1_174' title='bbox 742 2545 772 2603; x_wconf 90' lang='lat' dir='ltr'><strong>in</strong></span> <span class='ocrx_word' id='word_1_175' title='bbox 785 2546 923 2641; x_wconf 75' lang='lat' dir='ltr'><strong>perniciem</strong></span> 
     </span>
     <span class='ocr_line' id='line_1_30' title="bbox 197 2624 922 2768; baseline -0.008 0"><span class='ocrx_word' id='word_1_176' title='bbox 197 2624 922 2768; x_wconf 56' lang='lat' dir='ltr'><strong>sllvllfltl‘ll‘lfflnllldll&#39;l:</strong></span> 
     </span>
     <span class='ocr_line' id='line_1_31' title="bbox 196 2785 920 2866; baseline -0.014 -17"><span class='ocrx_word' id='word_1_177' title='bbox 196 2805 299 2866; x_wconf 80' lang='lat' dir='ltr'><strong>quotus</strong></span> <span class='ocrx_word' id='word_1_178' title='bbox 319 2785 364 2846; x_wconf 79' lang='lat' dir='ltr'><strong>est.</strong></span> <span class='ocrx_word' id='word_1_179' title='bbox 405 2786 481 2844; x_wconf 83' lang='lat' dir='ltr'><strong>Sicut</strong></span> <span class='ocrx_word' id='word_1_180' title='bbox 499 2786 573 2844; x_wconf 89' lang='lat' dir='ltr'><strong>enim</strong></span> <span class='ocrx_word' id='word_1_181' title='bbox 592 2801 694 2844; x_wconf 84' lang='lat' dir='ltr'><strong>uaturae</strong></span> <span class='ocrx_word' id='word_1_182' title='bbox 712 2787 849 2860; x_wconf 77' lang='lat' dir='ltr'><strong>congruit,</strong></span> <span class='ocrx_word' id='word_1_183' title='bbox 869 2803 920 2844; x_wconf 88' lang='lat' dir='ltr'><strong>cor·</strong></span> 
     </span>
     <span class='ocr_line' id='line_1_32' title="bbox 198 2862 920 2948; baseline -0.008 -23"><span class='ocrx_word' id='word_1_184' title='bbox 198 2889 250 2944; x_wconf 85' lang='lat' dir='ltr'><strong>pus</strong></span> <span class='ocrx_word' id='word_1_185' title='bbox 266 2866 342 2948; x_wconf 90' lang='lat' dir='ltr'><strong>quod</strong></span> <span class='ocrx_word' id='word_1_186' title='bbox 359 2865 461 2942; x_wconf 86' lang='lat' dir='ltr'><strong>justum</strong></span> <span class='ocrx_word' id='word_1_187' title='bbox 474 2865 509 2924; x_wconf 85' lang='lat' dir='ltr'><strong>ad</strong></span> <span class='ocrx_word' id='word_1_188' title='bbox 525 2863 641 2924; x_wconf 88' lang='lat' dir='ltr'><strong>modurn</strong></span> <span class='ocrx_word' id='word_1_189' title='bbox 655 2865 751 2925; x_wconf 78' lang='lat' dir='ltr'><strong>salubri</strong></span> <span class='ocrx_word' id='word_1_190' title='bbox 765 2867 829 2928; x_wconf 92' lang='lat' dir='ltr'><strong>cibo</strong></span> <span class='ocrx_word' id='word_1_191' title='bbox 843 2862 920 2926; x_wconf 79' lang='lat' dir='ltr'><strong>reici·</strong></span> 
     </span>
     <span class='ocr_line' id='line_1_33' title="bbox 197 2944 918 3027; baseline -0.003 -25"><span class='ocrx_word' id='word_1_192' title='bbox 197 2960 253 3017; x_wconf 85' lang='lat' dir='ltr'><strong>tur,</strong></span> <span class='ocrx_word' id='word_1_193' title='bbox 273 2947 406 3007; x_wconf 79' lang='lat' dir='ltr'><strong>robustius</strong></span> <span class='ocrx_word' id='word_1_194' title='bbox 417 2951 444 3005; x_wconf 75' lang='lat' dir='ltr'><strong>lic</strong></span> <span class='ocrx_word' id='word_1_195' title='bbox 460 2945 591 3018; x_wconf 82' lang='lat' dir='ltr'><strong>longioris</strong></span> <span class='ocrx_word' id='word_1_196' title='bbox 605 2945 657 3004; x_wconf 81' lang='lat' dir='ltr'><strong>aevi</strong></span> <span class='ocrx_word' id='word_1_197' title='bbox 670 2947 734 3020; x_wconf 82' lang='lat' dir='ltr'><strong>else,</strong></span> <span class='ocrx_word' id='word_1_198' title='bbox 754 2945 837 3027; x_wconf 74' lang='lat' dir='ltr'><strong>quim</strong></span> <span class='ocrx_word' id='word_1_199' title='bbox 853 2944 918 3005; x_wconf 82' lang='lat' dir='ltr'><strong>fiin-</strong></span> 
     </span>
     <span class='ocr_line' id='line_1_34' title="bbox 196 3026 918 3103; baseline -0.001 -18"><span class='ocrx_word' id='word_1_200' title='bbox 196 3027 291 3103; x_wconf 75' lang='lat' dir='ltr'><strong>genito</strong></span> <span class='ocrx_word' id='word_1_201' title='bbox 308 3040 468 3088; x_wconf 84' lang='lat' dir='ltr'><strong>contentum</strong></span> <span class='ocrx_word' id='word_1_202' title='bbox 483 3026 563 3088; x_wconf 83' lang='lat' dir='ltr'><strong>succo</strong></span> <span class='ocrx_word' id='word_1_203' title='bbox 580 3040 655 3090; x_wconf 86' lang='lat' dir='ltr'><strong>extra</strong></span> <span class='ocrx_word' id='word_1_204' title='bbox 668 3026 695 3089; x_wconf 88' lang='lat' dir='ltr'><strong>se</strong></span> <span class='ocrx_word' id='word_1_205' title='bbox 708 3041 804 3092; x_wconf 75' lang='lat' dir='ltr'><strong>natum</strong></span> <span class='ocrx_word' id='word_1_206' title='bbox 816 3028 918 3090; x_wconf 79' lang='lat' dir='ltr'><strong>elimet·</strong></span> 
     </span>
    </p>
   </div>
   <div class='ocr_carea' id='block_1_4' title="bbox 0 0 982 3736">
    <p class='ocr_par' dir='ltr' id='par_1_4' title="bbox 0 0 982 3736">
     <span class='ocr_line' id='line_1_35' title="bbox 0 0 982 3736; baseline 0 0"><span class='ocrx_word' id='word_1_207' title='bbox 0 0 982 3736; x_wconf 95' lang='lat' dir='ltr'><strong> </strong></span> 
     </span>
    </p>
   </div>
  </div>
 </body>
</html>
