1956 3736
166 170 208 248 64
319 175 346 254 J.
382 175 788 239 Frnrnsrrrrrrr·

75 317 107 364 υ.
119 320 148 368 c.
166 305 349 363 reddamur.-
371 303 481 359 Romani
492 307 604 379 captivos
617 302 635 360 ἃ
650 303 753 382 Pyrrho
762 301 824 378 fine
832 317 895 379 pre-

83 396 142 444 472·
165 389 203 443 tIo
220 388 370 457 reciperent.
412 383 478 438 Erat
498 383 571 460 apud
584 384 719 460 Pyrrhum
736 385 769 440 ei
788 397 894 460 tempe·

71 449 95 492 ‘⁴
115 454 142 497 ⁶·
164 463 227 520 llere
242 464 350 530 Cineas,
371 464 446 536 cujus
460 461 536 540 sopri
554 482 663 540 quoque
678 464 746 520 fado
760 464 797 520 est
815 466 893 522 men·

81 508 141 564 ²⁸*
163 543 202 600 tio
211 565 221 609 ς
241 542 283 597 vir
296 560 382 618 quum
396 542 517 598 civilium
534 561 625 599 rerum
643 544 765 619 apprime
784 563 895 614 gnarus,

163 637 224 680 tum
238 622 328 677 animo
346 621 535 698 propositoque
554 622 690 693 honestus,
711 624 797 699 &qui
814 637 894 681 natu·

162 721 199 759 rae
210 702 360 777 proclivem
374 699 494 758 indolem
508 700 658 758 eruditione
670 701 772 778 usuque
786 701 822 759 ad
835 701 892 760 effi·

160 800 254 840 cacem
267 780 420 838 facundiam
436 781 600 841 exercuisset.
642 782 727 838 Hunc
739 801 785 838 eas
797 781 835 838 ob
849 801 891 838 ar·

160 875 202 919 tes
221 861 382 920 carissimum
400 880 448 919 rex
466 860 596 919 lubebat:
618 859 767 936 crebroque
788 861 890 938 praediss

160 944 249 1012 tabat,
266 941 381 1016 plurium
392 939 424 1013 sc
441 941 543 998 urbium
560 943 694 1015 Imperium
703 953 753 1014 per
773 939 890 1017 cloquen-

160 1026 226 1079 tiam
242 1023 342 1093 Cineae,
362 1019 438 1095 quim
452 1023 532 1078 armis
542 1019 600 1095 suis
612 1020 729 1094 adeptum
743 1019 800 1094 effe.

201 1103 312 1160 XXXI.
334 1102 453 1158 Romam
473 1100 520 1156 iste
538 1119 622 1176 quum
643 1101 745 1168 legatus
766 1101 888 1172 venisset,

157 1181 256 1239 callido
275 1179 384 1238 confilo
401 1199 490 1237 moras
504 1181 623 1251 neslens,
644 1178 797 1255 priusquam
816 1181 888 1238 sena·

158 1277 218 1318 turn
232 1260 327 1328 adiret,
344 1279 455 1315 munera
468 1259 559 1334 paffim
573 1278 621 1334 per
634 1258 775 1316 illustrium
789 1258 887 1337 domm

157 1340 256 1416 Pyrrhi
280 1339 390 1395 nomine
412 1338 493 1396 misit.
536 1337 710 1396 Introdudlur
735 1337 836 1398 deinde
860 1340 888 1397 in

155 1417 271 1490 cunum,
292 1437 377 1494 quum
396 1418 470 1488 regis·
486 1418 614 1475 virtutem
635 1423 660 1474 δι
679 1419 843 1494 propensum
861 1420 889 1477 in

156 1497 298 1563 Romanos
320 1498 441 1555 anirnum
461 1497 553 1554 multis
572 1497 713 1567 extollens,
734 1497 771 1554 de
790 1499 888 1557 condi·

155 1579 263 1639 tionum
283 1596 348 1656 quas
369 1577 475 1634 afferret
498 1577 621 1653 aequitate
642 1576 807 1648 disseruisset,
819 1576 888 1636 'rna-

155 1677 210 1730 gua
231 1678 290 1734 pars
308 1656 410 1715 senatos
429 1656 567 1726 moraes,
588 1669 620 1713 ut
637 1655 818 1714 admittendas
837 1659 890 1718 effe

155 1736 300 1807 dubitaret.
344 1736 453 1810 Qrippe
471 1736 548 1811 super
565 1749 663 1805 cetera,
683 1734 705 1791 sr
721 1734 808 1793 socios
827 1738 887 1796 suos

153 1834 312 1892 oppugnare
323 1814 481 1885 desinerent,
503 1827 574 1885 tanta
585 1816 681 1872 auxilia
696 1813 885 1891 pollicebatur,

152 1908 186 1954 ut
205 1895 238 1950 iio
260 1893 334 1951 baud
354 1892 496 1951 difficulter
515 1894 660 1970 imperium
680 1907 777 1952 ceterae
799 1897 887 1954 Italiae

151 1971 257 2052 possent
275 1973 422 2049 acquirere.
465 1971 519 2029 Sed
539 1975 668 2050 quoniam
689 1973 726 2032 ob
747 1976 885 2046 magnitu-

150 2053 247 2112 dinem
260 2054 309 2123 rei,
324 2051 443 2110 sollicitis
458 2051 590 2124 Patribus,
605 2053 705 2111 multos
720 2055 749 2111 in
762 2054 822 2112 dies
836 2075 884 2114 ex·

152 2133 235 2193 naua
252 2132 419 2204 deliberatio,
440 2132 513 2209 pacis
533 2131 630 2190 futurae
646 2133 824 2209 suspicionem
838 2155 883 2192 ru·

151 2232 312 2291 moremque
331 2213 441 2283 secerat,
463 2211 570 2288 Appius
589 2211 730 2284 Claudius,
752 2215 789 2272 ob
808 2215 883 2273 sene·

150 2293 224 2350 {Iam
242 2298 268 2350 δι
287 2292 436 2350 caecitatem
454 2290 581 2348 abstinere
599 2291 673 2349 curii
690 2293 758 2350 olim
780 2294 881 2367 solitus,

150 2372 291 2432 confestim
313 2374 342 2429 in
360 2371 484 2428 senatum
505 2370 531 2428 se
553 2370 651 2428 deferri
674 2371 768 2431 letrici
788 2374 880 2450 juffit:

150 2451 199 2510 ubi
218 2451 389 2526 conspectum
406 2451 530 2527 protinus
549 2466 712 2528 exceperunt
731 2453 780 2510 srlii
799 2474 881 2525 gene-

38 2544 41 2550 '
149 2530 237 2605 rique,
257 2528 419 2606 honorisque
431 2534 457 2586 δι
471 2530 553 2587 officii
568 2531 643 2588 causi
659 2532 813 2591 circumfusi
830 2533 878 2592 de·
917 2555 920 2558 ⁴

150 2608 285 2666 duxerunt
298 2608 332 2665 ad
351 2608 443 2666 locum
458 2608 582 2679 dignitati
599 2612 656 2685 ejus
672 2628 877 2683 congruentem.

188 2688 318 2747 XXXII.
332 2687 387 2757 Ibi,
396 2708 481 2764 quum
491 2688 571 2766 ipsius
582 2690 758 2764 reinovitate,
767 2705 826 2751 tum
836 2713 878 2751 re·

146 2768 266 2828 verentia
279 2769 331 2826 viri
348 2767 483 2826 silentibus
498 2769 634 2841 omnibus,
656 2771 876 2847 exspeilantibus·

72 2874 73 2878 ¹
146 2868 201 2923 que
211 2850 287 2923 cujus
296 2848 335 2906 rei
346 2847 420 2905 causi
430 2849 489 2925 poll
498 2848 573 2919 longi
585 2852 714 2926 temporis
725 2851 874 2912 desuetudi-

145 2945 210 2984 nem
220 2928 338 2986 senatum
348 2927 475 3000 ingreilus
487 2930 559 2998 esset,
568 2929 602 2985 ab
612 2929 793 2990 incommodo
804 2933 871 2990 vale·

145 3005 246 3064 tudinis
259 3007 375 3082 exorsus,
382 3007 437 3086 fibi
447 3009 545 3085 quidem
556 3009 677 3068 botlenus
688 3011 815 3090 molestam
820 3013 869 3088 fe·
