1956 3736
174 119 706 185 Surruun.L.XIII.L1vruu.
767 147 807 206 47

74 252 130 317 Ium
151 252 300 328 opinantes.
344 253 435 328 Qtare
450 270 480 310 ut
496 254 665 312 confirmaret
682 255 751 325 suos,
773 256 805 315 sr-
817 269 847 315 U.
859 272 887 317 C.

74 333 187 409 mulque
207 332 322 408 pericula
340 331 388 389 fibi
406 334 533 391 intentata
553 334 708 405 declinaret,
729 336 805 412 palu·
827 345 885 392 472·

71 411 234 471 dementum
255 417 281 470 δι
303 431 377 468 arma
396 432 461 468 cum
482 414 608 484 Megacle
632 430 782 473 commutat
797 438 803 475 τ
817 397 892 503 Αέσῖ

72 491 174 570 illoque
196 490 225 548 in
246 510 336 567 pugna
358 491 467 561 relidto,
492 492 527 548 ad
549 492 708 570 phalangem
731 493 804 553 ordi·
828 472 839 502 ²
860 474 884 508 ⁰⁸

70 572 188 635 nandans
210 569 451 647 adducendamque
473 573 568 646 pergit.
605 575 804 634 Occurrunt&

70 652 206 715 Romanae
227 650 357 721 legiones.
387 665 502 706 certatur
524 650 570 707 diu
593 652 747 724 accerrime,
774 675 804 712 e-

70 745 154 795 ventu
177 729 246 787 adeo
268 729 363 799 dubio,
389 743 420 785 ut
441 730 580 786 memoriae
601 731 633 787 s1t
653 733 802 807 proditum,

70 810 166 888 septies
185 809 330 868 alternante
351 809 438 885 praelii
457 808 574 878 fortuni,
595 808 679 868 modi>
699 813 803 870 Roma.-

69 909 119 949 noa
134 890 262 959 hostium,
280 885 364 946 modo
377 888 541 946 Tarentinos
557 889 730 967 Epirotasque
744 891 803 950 Ro-

68 989 213 1033 manorum
227 985 300 1040 terga
314 967 418 1026 vidiffe.

109 1050 168 1111 VI.
192 1048 246 1105 Sed
267 1046 392 1124 proxime
411 1047 622 1124 desperationem
642 1048 738 1126 Pyrrhi
759 1071 801 1109 res

66 1127 216 1191 adduxerat
239 1128 372 1199 Megaclis
394 1127 492 1198 caedes,
519 1148 601 1204 quem
623 1129 702 1199 regiis
723 1131 803 1188 armis

68 1209 245 1271 monstratum
267 1228 302 1266 ex
323 1207 425 1265 diversa
444 1208 500 1266 acie
522 1208 674 1270 fortiffimus
693 1211 739 1286 qui
770 1231 803 1273 ue

67 1289 139 1359 regis
153 1287 286 1351 interledti
300 1287 412 1358 gloriam
428 1287 553 1345 affer
567 1289 728 1364 Impetehat:
751 1232 801 1346 do-

66 1386 118 1431 nec
129 1387 214 1443 eques
226 1368 337 1433 nomine
351 1367 466 1436 Dexter,
478 1367 641 1444 interempto
656 1366 800 1427 detradlani

65 1446 243 1523 chlamydem
264 1447 421 1523 galeamque
443 1448 568 1504 maximis
591 1444 800 1507 cum'clamori·v

66 1526 116 1593 bus
131 1525 167 1586 ad
182 1526 318 1585 consulem
332 1528 433 1598 ferens,
453 1525 536 1583 fidem
549 1540 659 1603 patratae
672 1528 753 1585 caedis
768 1550 799 1587 u-

64 1609 156 1685 tanue
175 1607 304 1669 exercitui
326 1607 400 1665 fecit.
444 1607 506 1680 Jam
526 1607 617 1663 omnia
636 1607 741 1663 terroris
760 1606 800 1665 at·
830 1611 834 1632 ¹

62 1706 119 1830 quae
139 1687 356 1751 consternationis
376 1685 450 1762 apud
469 1685 582 1743 Graeeos
604 1683 681 1767 plena
702 1701 798 1744 erant:

94 1767 243 1843 giffentque
258 1766 330 1824 haud
349 1763 441 1834 dubit,
463 1763 512 1823 nisa
526 1785 728 1842 quamprimum
747 1787 799 1824 nu-

65 1844 104 1910 do
125 1847 215 1923 eapite
234 1845 392 1922 obequitans
412 1845 540 1922 Pyrrhus,
553 1843 634 1921 seque
653 1849 744 1903 vivere
763 1843 798 1905 ἔθ’

63 1925 146 2000 alqffa
162 1945 232 1988 voce
250 1925 347 1998 magni
367 1925 484 1996 testatus,
504 1923 672 1983 tantumdem
691 1925 799 1986 fiduciae

64 2003 209 2075 Romanis,
230 2019 359 2082 quantum
375 2004 421 2062 suo
439 2005 519 2065 militi
537 2005 691 2063 formidInis
706 2006 797 2084 despe-

61 2085 223 2164 rationisque
237 2083 397 2161 dernp'srffet.
441 2085 568 2141 Laevinus
584 2083 669 2145 adeIIe
690 2099 797 2163 tempus

62 2179 135 2230 ntus
157 2186 213 2242 quo
236 2165 332 2230 ultima
351 2162 471 2223 remedia
492 2183 526 2221 ex
562 2164 667 2231 riretur,
692 2163 798 2235 lignum

61 2245 199 2322 equitibus
220 2245 329 2317 sustulit,
350 2264 419 2322 quos
438 2243 468 2301 in
487 2243 493 2254 '
524 2241 586 2301 sdiis
607 2241 795 2317 collocaverat,

62 2340 93 2390 ut
114 2339 190 2395 terga
211 2325 328 2390 hostiurn
351 2324 525 2390 incurrerent.
567 2321 607 2380 At
628 2322 746 2397 Pyrrhus
767 2324 796 2381 iu

61 2403 116 2470 Iunc
135 2425 234 2475 agmen
253 2404 409 2481 elephantos
427 2403 470 2482 agi
489 2401 577 2477 jubet,
598 2401 667 2480 ipsos
686 2423 796 2482 quoque

61 2483 231 2550 inultltnum
244 2500 373 2550 terrorem
388 2483 504 2543 hostiurn
517 2480 672 2541 reservatos.

104 2564 181 2630 VII.
204 2564 240 2630 Id
255 2563 395 2623 confilium
412 2563 505 2627 afflixit
521 2562 578 2639 spes
595 2562 745 2634 Romanas,
765 2583 794 2620 e-

61 2658 230 2721 ventumque
257 2645 339 2703 totius
368 2663 465 2720 pugnae
489 2640 634 2701 secundum
660 2643 794 2719 Pyrrhum

62 2721 149 2789 dedit,
170 2743 234 2790 nam
249 2723 411 2781 &homines
431 2719 480 2797 ipss
499 2720 631 2778 vastorum
649 2741 795 2799 corporum

61 2803 150 2875 gaola.
165 2803 331 2881 terribilique
345 2799 544 2878 superstantium
558 2814 721 2858 armatorum
736 2801 795 2877 spe·
869 2853 872 2856 .

61 2882 103 2939 cie
124 2883 270 2961 stupentes,
291 2882 408 2960 quodvis
429 2879 520 2956 potins
537 2879 632 2950 iugens
654 2885 678 2937 dt
698 2880 794 2938 formi-

61 2960 153 3031 dabile
169 2975 348 3045 portentum,
376 2958 460 3040 quim
483 2958 638 3020 animalium
664 2957 678 3018 Ξ
702 2966 795 3021 natura
