1956 3736
199 153 256 228 ¹5⁸
351 150 773 226 J.Fnrrrranrrrrr

103 290 138 338 υ.
151 293 178 339 c.
201 281 332 354 consules,
354 283 421 339 intra
434 282 478 339 sara
493 283 518 340 se
532 284 613 340 castra
627 281 713 360 quieti
728 292 927 339 tenuerunteo

116 370 177 411 ⁴⁹0·
203 362 318 420 ferocius
336 363 438 420 Hanno
457 365 545 421 aciem
566 364 717 421 instructam
738 364 877 433 ostentare,
896 368 930 431 dr,

114 423 144 467 Α·
154 425 183 470 0
202 444 248 500 ubi
263 463 344 501 nemo
358 442 451 502 contri
463 446 532 516 exit,
545 444 592 502 sub
605 445 658 522 ipsa
670 445 862 502 Romanorum
874 463 930 501 mu-

170 521 177 535 '
200 524 320 581 nimenta
338 524 475 597 suggredi,
496 525 531 583 ad
549 544 668 602 pugnam
687 525 816 582 audacter
837 545 930 602 provo·

197 622 269 674 care,
290 598 478 664 condiantibue
495 607 624 665 timorem
638 612 664 662 δι
679 605 817 676 ignaviam
834 606 930 682 obiice·

196 704 268 743 cere.
290 686 330 744 illi
346 687 450 745 hostem
465 687 570 747 levibus
584 686 682 764 praeiiie
697 684 712 744 Ξ
726 685 800 744 vallo
816 685 931 764 repuliiie

197 768 334 841 contenti,
360 789 450 848 neque
471 781 569 827 contra
591 780 732 826 manentes
752 767 890 826 struebant
908 787 931 824 a·

120 491 169 536 262

194 849 287 921 ciem,
316 870 405 930 neque
430 850 586 909 recedenter
610 848 829 929 inicquebmtur.
872 849 932 907 Hoc

194 929 246 988 ubi
265 948 315 1010 per
334 934 436 1011 aliquot
454 931 601 990 continuos
621 930 682 1025 dica
699 929 816 1000 fastum,
837 926 932 990 Ptenis·

196 1012 607 1166 iiiremiirinumpfffiiisti’liibrdriiiiis
625 1008 931 1171 {fflulffiglgffi

197 1173 315 1231 bodium
327 1176 355 1232 in
370 1176 440 1232 suam
457 1174 625 1232 occasionem
639 1173 749 1233 solerter
763 1175 859 1234 vertit.
888 1175 932 1232 In·

195 1255 299 1312 struitis
324 1256 397 1312 enim
423 1255 528 1314 silentio
548 1256 635 1333 copiis
659 1253 788 1312 omnibus
813 1254 932 1333 intraque

196 1335 299 1392 vallum
317 1336 438 1406 retentis,
459 1335 635 1395 accedentem
656 1353 803 1412 promote
822 1335 932 1394 runnu

196 1432 261 1472 cum
278 1416 371 1492 paucis
385 1415 557 1489 submovens,
578 1415 594 1475 ai
607 1416 695 1495 prima
708 1415 769 1473 lucc
789 1415 825 1473 ad
840 1417 931 1476 boram

195 1495 252 1554 diei
267 1493 368 1556 sextam
382 1497 520 1556 velitando
538 1496 665 1557 detinuit.
687 1510 748 1556 tum
759 1495 930 1557 dentum-rc·

196 1576 358 1655 cipicntibua
372 1579 398 1638 se
410 1579 528 1640 bostibtu
542 1577 686 1658 podudbaa
695 1593 732 1637 ex
744 1578 837 1639 omia
849 1580 931 1653 legio·

194 1677 244 1719 uer
255 1660 377 1723 immisit.

239 1741 343 1801 LVII.
366 1743 469 1802 Hanno
488 1761 643 1822 quanquam
665 1753 758 1801 contra
776 1741 931 1820 opinionem

196 1821 270 1879 fuam
296 1823 473 1900 pugnandum
495 1823 545 1881 sabi
563 1825 684 1895 videret,
711 1822 849 1900 intrepide
869 1839 930 1882 con·

195 1901 308 1972 greffua,
328 1902 356 1958 in
375 1903 463 1960 {crum
478 1903 534 1960 diei
553 1905 713 1976 ambiguum
733 1917 874 1963 certamen
888 1922 929 1963 ex·

195 1980 287 2040 nuxit.
331 1981 385 2040 Sed
406 1982 548 2041 Romanoa
570 1985 668 2045 curatis
688 1986 758 2045 bene
775 1985 929 2065 corporibus

196 2059 232 2119 ad
246 2080 367 2140 pugnam
381 2080 552 2143 preparatus,
573 2067 660 2137 aeiius,
681 2065 748 2138 sitia,
770 2066 859 2140 babor,
879 2083 928 2124 uua

195 2143 276 2222 reque
290 2145 427 2218 fatigabat.
449 2147 675 2221 Carthaginiensis
687 2161 779 2207 autern
790 2149 863 2207 acies
874 2162 928 2206 ante

195 2226 370 2285 commissum
384 2227 509 2306 praelium
523 2228 613 2288 inediti
624 2229 752 2287 &stando
766 2229 926 2308 feffa,quau·

196 2307 347 2380 colongias
361 2309 564 2386 protrahebatur
578 2308 729 2382 dimicatio,
751 2310 925 2370 fatiscentibus

194 2390 355 2467 corporibus
374 2390 463 2448 miuus
483 2390 518 2447 ad
539 2389 710 2450 resistendum
727 2393 830 2451 virium
849 2392 924 2450 habc-

194 2467 250 2528 bat.
272 2466 407 2546 postremi)
428 2471 608 2530 conductitius
630 2472 709 2530 miles
728 2471 825 2549 quiin
844 2474 923 2550 prima

193 2549 284 2606 fronte
303 2549 450 2627 pugnabat,
471 2551 573 2610 diutius
590 2550 713 2611 sustinere
733 2553 855 2612 laborem
874 2571 922 2611 non

193 2631 302 2710 potuit:
323 2649 411 2710 neque
425 2632 510 2691 solum
523 2633 577 2710 ipsc
591 2633 661 2691 ceffit
675 2634 750 2705 loco,
771 2634 818 2693 scd
832 2635 861 2694 iu
873 2634 921 2692 cle·

192 2711 356 2790 phantomm
375 2733 485 2786 agmen,
506 2719 532 2772 tc
550 2713 617 2773 alios
636 2713 652 2773 b
672 2726 749 2786 tergo
769 2714 865 2775 stmueu
881 2735 920 2773 or·

192 2792 271 2852 dines
283 2793 386 2871 trepidi
399 2794 463 2867 fugi
475 2793 502 2852 se
515 2795 642 2868 inferens,
663 2795 784 2853 turbauit
797 2811 882 2856 toturn
894 2814 918 2852 a·

191 2874 281 2945 ciem,
308 2875 430 2954 hostique
452 2875 548 2934 acriter
572 2875 739 2936 incumbenti
758 2888 839 2951 terga
863 2878 918 2936 date

191 2957 292 3024 co'e'git.
335 2956 440 3014 Eadem
459 2956 588 3016 felicitate
610 2973 668 3015 turn
689 2977 801 3037 quoque
821 2960 855 3018 ab
875 2957 917 3020 alia

190 3048 267 3110 parte
290 3034 362 3110 gesta
382 3055 445 3098 rea:
474 3037 648 3121 Anuibalque
671 3057 759 3117 quum
783 3041 916 3121 eruptione
