1956 3736
167 129 225 208 296
320 127 347 206 J.
384 127 745 186 Fuerutnuurr

73 275 106 322 u,
119 275 146 323 c,
164 258 224 333 ejus
241 256 346 313 numeri
367 267 478 330 captum
500 252 560 309 effe.
596 252 657 310 Post
674 249 821 310 viiioritm
841 269 891 323 eger

83 352 141 397 5²9·
165 337 282 395 hostium
301 332 381 405 longe
400 335 508 411 lateque
526 333 640 391 venatus
660 332 710 405 est,
731 333 894 410 multumque

76 406 104 450 Α·
116 407 143 450 0
165 416 265 495 pred!
279 429 395 494 prtum.

85 480 142 530 ²²³·
206 497 241 553 L.
265 496 343 552 Tum
358 494 470 551 demum
487 493 575 550 literuu
591 491 696 550 senetur
711 492 766 564 legi
783 492 894 570 plueuit:

165 576 263 654 quibus
282 593 368 652 quum
388 576 520 651 pariturus
535 574 566 630 P.
582 572 673 631 Philus
692 573 769 644 esset,
793 574 828 631 C.
842 574 895 630 Flu-

165 654 265 714 minius
280 655 408 712 invidiam
423 652 490 710 banc
503 655 616 710 Parrum
628 651 678 726 effe
691 654 812 723 testatus,
827 653 896 709 nullu

167 736 338 812 auspiciorum
351 739 438 806 vitiis,
459 736 530 813 cujus
543 737 585 790 rai
604 733 704 790 nullam
723 746 895 807 argumentum

169 820 267 875 tertiat
280 814 337 891 ipsi
350 814 401 873 illi
414 834 489 891 quam
503 813 666 888 abtiruiffemt
679 811 797 870 villaria*
814 813 896 870 adduci

166 896 256 973 poffit,
277 897 385 967 negavit
397 896 430 969 se
445 893 496 970 nist
504 895 586 970 finita
604 893 651 950 rel
661 893 736 964 bella,
757 893 807 949 vel
820 898 897 968 magi·

162 976 267 1052 straus
280 990 391 1052 tempore
400 976 552 1050 decrffrarum
564 974 618 1050 affe.
640 974 719 1050 Qin
730 974 816 1030 etium
827 974 897 1030 eddi·

170 1056 212 1114 dit
232 1058 393 1130 efflaturum,
413 1068 443 1111 ut
460 1054 565 1130 populus
584 1054 715 1110 Romanus
735 1058 897 1127 auguriorum

167 1137 330 1211 aiarumqae
344 1136 436 1192 talium
450 1152 538 1192 rerum
551 1131 640 1209 inepti
653 1132 834 1206 observatione
836 1134 899 1209 falli

167 1215 275 1294 drfiuat.
290 1215 419 1272 Ceterum
431 1217 459 1271 in
469 1214 596 1279 sententie
608 1213 760 1290 perfistente
772 1213 803 1270 P.
812 1215 897 1282 Furio,

168 1295 351 1353 Plautiniunus
370 1295 514 1363 exercitus,
535 1308 658 1350 metuens
675 1307 708 1349 ut
721 1293 839 1362 digresso
856 1294 897 1350 illo

166 1375 226 1432 letis
240 1377 268 1431 in
283 1374 371 1431 hostili
385 1375 494 1445 regione
508 1387 581 1433 tutus
595 1373 668 1445 effu,
688 1374 815 1431 exoravit
827 1394 896 1442 eum,

168 1469 199 1512 ut
218 1475 266 1532 per
285 1455 342 1511 dies
361 1454 463 1531 aliquot
482 1466 638 1510 remuneret.
660 1453 729 1509 nihil
749 1465 842 1511 tumen
860 1474 897 1511 re·

168 1555 229 1593 tum
248 1536 337 1613 pollet
356 1553 448 1605 gerere
465 1534 570 1591 voluit:
593 1533 628 1592 C.
640 1533 778 1591 Pleminio
797 1536 898 1592 interim

166 1616 270 1673 custella
282 1614 418 1693 quedam,
439 1614 587 1690 urbemque
601 1633 657 1670 non
672 1613 839 1672 incelebrem
852 1615 899 1671 illis

167 1695 293 1764 gentibus
305 1695 460 1770 recipiente,
481 1692 655 1768 concessique
670 1693 752 1750 militi
765 1694 854 1770 praedi
868 1692 898 1749 ud

171 1775 268 1832 instans
282 1794 347 1831 cum
359 1774 446 1830 senatu
460 1788 596 1830 certarnen
608 1772 656 1828 fibi
671 1775 833 1831 conciliante
846 1773 898 1829 ani·

167 1871 238 1909 mos.
276 1853 367 1908 Tuntu
387 1853 458 1907 enim
480 1867 572 1908 exorta
589 1851 677 1908 fiterut
696 1852 726 1909 in
744 1853 810 1912 urbe
829 1852 897 1910 indi·-

168 1931 271 2001 gnatio,
292 1945 323 1987 ut
338 1930 511 1987 redeuntibus
526 1930 679 1988 consulibus
692 1952 783 2010 neque
796 1932 899 1991 obviim

165 2029 202 2069 ex
222 2030 298 2068 more
317 2012 409 2081 iretur,
429 2010 631 2088 triumphusque
650 2031 707 2070 non
724 2015 759 2070 C.
769 2014 897 2071 Flaminio

166 2089 265 2163 model,
285 2092 330 2148 sed
348 2092 376 2147 in
395 2092 453 2166 ejus
469 2091 565 2149 odium
580 2091 663 2149 etiam
679 2093 711 2151 P.
726 2093 807 2152 Philo
821 2113 897 2165 negu-

168 2188 251 2230 retur.
285 2171 332 2228 Ad
347 2186 499 2229 extremum
515 2173 550 2230 C.
561 2172 688 2229 Flaminii
703 2192 820 2244 mugnus
831 2171 899 2252 apud

168 2252 277 2328 plebem
292 2252 368 2308 favor
379 2252 462 2308 vicit:
484 2251 556 2329 isque
568 2252 739 2328 triumphent
751 2253 847 2312 urbem
860 2255 897 2311 in·

166 2331 267 2402 gressus
281 2332 327 2400 eli,
350 2332 388 2388 A.
399 2330 438 2389 D.
455 2332 510 2387 VI.
528 2331 593 2388 lduu
610 2333 737 2392 Martius.
771 2335 898 2392 Multum

167 2431 203 2468 eo
217 2411 356 2490 triumpho
370 2411 490 2468 transsatu
502 2411 561 2468 sunt
578 2408 670 2487 spolie,
692 2432 791 2484 magne
804 2416 847 2471 vis
860 2434 895 2470 ar-

168 2509 288 2559 morum,
309 2505 420 2566 torques
434 2492 527 2547 iridem
542 2492 615 2548 aurei
628 2493 770 2568 permulti,
790 2514 827 2552 ex
839 2495 897 2573 qui-

168 2569 218 2627 bus
232 2585 365 2648 tropeum
379 2570 444 2645 Jovi
454 2572 487 2629 C.
498 2571 643 2629 Flaminini
656 2573 685 2629 in
697 2575 837 2651 Capitolio
851 2594 896 2652 po·

168 2650 230 2721 suit,
249 2651 351 2711 inverso
367 2651 512 2708 Gallorum
525 2666 602 2722 voto,
622 2653 669 2728 qui
686 2653 723 2711 de
736 2655 828 2732 spoliis
843 2656 898 2712 Ro·

168 2750 311 2789 manorum
327 2732 411 2789 Marti
429 2732 474 2789 suo
488 2747 616 2808 torquem
628 2734 816 2809 promiserunt.
850 2736 898 2793 Al·

167 2827 209 2868 ter
231 2831 297 2870 mox
317 2812 407 2869 consul
425 2812 460 2869 de
482 2811 570 2870 Gallie
589 2817 615 2870 δι
636 2814 785 2885 Liguribus
805 2816 898 2874 trium·

165 2889 254 2968 pbum
268 2893 323 2962 egit
338 2894 375 2950 A.
387 2892 424 2949 D.
442 2893 499 2950 IV.
515 2893 581 2949 Idus
596 2894 718 2953 Muttine.

208 2969 262 3029 LI.
285 2971 329 3030 Sic
345 2973 432 3044 magis
449 2972 556 3034 accensu
568 2971 649 3051 quim
664 2974 735 3034 viiie
748 2973 854 3039 senetur
867 2995 897 3035 o·
