1956 3736
206 195 658 260 oi'Sur'r'n'nusL'rvr'sn.
743 219 796 258 nr

67 341 76 381 t
85 343 109 400 3.
134 323 236 383 Literae
251 323 349 384 deinde
365 323 542 401 Macedonia]
565 325 641 401 Lege,
660 327 683 384 E
700 327 795 385 Muce-
806 324 889 402 Lf'45.

100 405 196 462 donia.
220 405 319 463 Cunv.
798 417 891 472 >¹3⁴4

62 484 106 544 Ib.
129 484 238 542 Pisanos
257 483 458 563 Lunensesque]
479 485 578 558 Scribe,
601 486 796 566 Lucensesque.

62 565 422 719 nisibinus-miste]
443 644 518 718 Lege,
541 642 661 705 Mistssct.
688 648 795 713 Giton.

10 748 12 758 ·
61 722 103 780 ib.
125 720 168 780 Ee
189 742 226 783 ex
246 724 451 794 frusiibusugri
469 725 504 782 ab
525 725 634 797 sedati,
656 747 716 820 quae
737 729 799 804 ibi}

99 804 179 878 hege,
200 804 251 874 Ea,
272 823 307 862 ex
318 803 448 862 fructibus
463 806 520 876 agri
533 805 568 864 ab
581 806 606 864 se
622 806 677 864 datr
689 827 750 884 quae
761 808 796 867 st-

99 881 138 943 bi.
162 884 321 944 Pnuszou.
508 922 510 927 -

65 979 111 1038 14.
133 964 294 1042 Adeptum:
316 965 441 1041 aequitate
452 965 495 1022 sua
506 963 609 1041 postea]
631 966 738 1039 Forsan,
754 967 796 1023 A-

73 1058 75 1065 ·
98 1041 226 1120 (septum,
241 1061 272 1100 ac
285 1044 383 1101 virtute
398 1047 449 1100 sua.
477 1045 576 1102 Postea.
600 1046 699 1102 Cnnv.

99 1123 145 1182 ib.
169 1123 213 1181 Ut
233 1121 306 1180 aedes
326 1123 456 1201 hosp'i[tio
477 1125 578 1195 reguli,
602 1125 680 1182 stmul
703 1127 796 1182 omnia
835 1165 839 1174 ·

60 1221 118 1278 quae
147 1203 184 1260 ad
208 1201 392 1260 valetudinem
418 1223 486 1281 opus
513 1205 611 1275 essent,
641 1204 798 1282 praeberem

62 1295 120 1350 πυτς
141 1282 322 1360 impensaque
339 1282 483 1340 liberaliter
497 1304 582 1360 quom
595 1284 654 1362 ipfi,
675 1298 734 1343 tum
749 1299 791 1342 to-

60 1360 240 1420 ticomitatni
260 1362 460 1438 praestarentur;
481 1383 562 1421 noves
581 1367 660 1422 etiam
681 1378 711 1422 nt
728 1385 800 1440 pro·-
903 1418 905 1423 ,

58 1436 230 1515 spectentur,
251 1441 349 1517 quibus
366 1442 392 1498 se
410 1442 478 1501 bene
498 1463 529 1500 ac
546 1441 605 1502 tuto
625 1444 651 1500 in
668 1445 792 1502 Africam

58 1518 201 1596 trajiceret.
237 1515 381 1597 Equitibus
405 1518 514 1592 smgulae
533 1523 608 1580 librae
628 1523 741 1593 argenti,
765 1529 795 1581 δε

55 1601 187 1676 quingeui
200 1599 306 1659 sestertii
322 1599 380 1657 dari
392 1601 459 1674 juffi.
494 1602 614 1659 Comitia
627 1604 749 1659 creandis
763 1603 795 1658 in

56 1680 213 1758 sequentem
232 1699 335 1737 annum
354 1676 506 1737 consulibus
528 1681 618 1738 habita
639 1681 697 1738 sunt
720 1675 742 1739 ἴ
753 1682 792 1740 C.

57 1760 168 1819 Licinio
190 1759 308 1819 consule.
344 1761 435 1817 creari
456 1761 498 1839 Q
511 1760 601 1818 AEiins
624 1760 721 1830 Paetus,
745 1761 792 1820 Μ.

57 1840 156 1916 Junius
170 1841 287 1899 Pennus.
323 1838 392 1897 inde
409 1856 539 1916 pretores
557 1841 628 1898 sassi.
639 1840 796 1919 QCaffius

58 1921 212 1993 Longinus,
228 1920 285 1979 M'.
301 1919 447 1994 Juvencius
463 1920 647 1990 ThalnajTi.
661 1922 791 1981 Claudius

57 1999 149 2072 Nero,
165 2001 203 2058 A.
214 2000 334 2057 Manlius
348 2000 517 2077 Torquatus,
533 2002 587 2060 Cn.
602 2002 713 2059 Fulvius
725 2001 795 2060 Gil:

56 2080 94 2152 lo,
117 2081 152 2138 C.
167 2080 289 2137 Licinius
304 2077 408 2139 Nerva.

97 2179 126 2219 2.
153 2158 263 2219 Eodem
288 2178 358 2216 anno
388 2159 509 2216 censores
537 2159 567 2216 T
570 2160 589 2217 i.
615 2158 791 2235 Sempronius
833 2177 844 2204 ⁸

57 2239 211 2312 Gracchus,
234 2243 259 2295 δι
274 2238 307 2295 C.
321 2238 452 2295 Claudius
467 2239 582 2295 Pulcher
600 2259 659 2296 rem
678 2239 726 2296 diu
745 2239 789 2295 ina

55 2335 97 2378 ter
107 2320 133 2377 se
144 2318 226 2375 variis
236 2319 451 2375 altercationibus
462 2319 588 2386 agitatam
600 2318 710 2375 tandem
723 2338 795 2375 cons

56 2401 134 2457 cordi
149 2400 240 2455 animo
259 2398 445 2455 decreverunt.
482 2397 635 2471 Gracchus,
656 2419 740 2475 quum
756 2398 790 2455 li-

55 2479 155 2537 bertini
174 2480 273 2536 iterum
293 2479 444 2555 iterumque
464 2478 492 2534 in
506 2494 622 2556 quatuor
640 2478 724 2536 tribus
745 2480 793 2537 αι’-

55 2559 136 2616 banus
155 2557 255 2614 redasii
272 2557 324 2614 'sese
344 2559 429 2615 rursus
449 2579 496 2634 pcr
515 2580 609 2617 omnes
626 2559 788 2627 effudissent,

54 2638 218 2714 repullulans
239 2637 343 2712 semper
368 2638 470 2694 malum
494 2639 620 2696 radicitus
641 2639 790 2712 exstirpasie

53 2720 188 2785 voluerat,
201 2717 344 2793 omnesque
357 2718 404 2791 qui
414 2714 567 2774 servitutem
577 2717 710 2774 servissent
722 2735 790 2771 cen·

53 2797 82 2854 su
104 2795 257 2854 excludere.
305 2795 451 2852 Nitebatur
475 2795 568 2851 contri
588 2795 733 2864 Claudius,
762 2800 788 2851 δε

52 2876 192 2950 nujorum
212 2875 329 2933 instituta
349 2873 591 2944 commemorabit,
616 2875 663 2951 qui
684 2873 797 2935 liberti-3

53 2974 105 3012 nos
121 2974 246 3013 coercere
259 2955 363 3030 saepins,
384 2973 522 3030 nunquam
541 2953 683 3031 prohibere
698 2956 788 3013 omni-

52 3053 92 3094 no
108 3034 215 3094 ciuitate
230 3035 377 3097 tentassent.
404 3033 481 3177 Quiq
493 3034 575 3099 etiam
588 3035 625 3096 ab.
636 3035 792 3098 censoribus
