1956 3736
197 176 256 238 m4
348 112 776 236 J.Fnrtusututi

102 301 136 352 υ,
146 310 174 357 ς,
194 283 278 361 iisque
293 283 419 342 mortales
431 285 543 353 multos,
561 283 606 340 sed
618 284 708 362 plures
721 286 812 345 adhuc
826 304 858 345 ex
872 285 919 344 Ht-

112 385 171 430 490·
195 366 281 442 spania
301 364 426 422 mercede
446 364 609 436 conductor,
629 365 708 424 simul
725 388 817 426 rerum
836 367 869 424 ad
887 366 920 423 ti·

103 439 172 485 M·
194 447 269 503 sium
284 446 485 503 necessariarum
506 465 633 516 magnam
652 448 772 525 copiam,
796 448 920 520 Agrigen·

146 516 169 550 ²‘
194 539 254 583 tum
273 528 417 585 miserunt:
439 527 478 585 ibi
496 526 626 585 horreum
643 548 769 599 annonae,
792 545 920 606 receptum

193 608 363 665 exercituum
384 607 493 666 suorum
512 609 564 665 esse
582 609 717 680 volentes,
738 609 814 681 loco,
836 615 861 666 δι
879 621 921 685 op-

184 690 360 764 portunitate
372 689 435 746 sttsts
450 694 475 745 δι
489 690 676 759 magnitudine
690 689 797 766 oppidi,
819 709 873 766 prae
885 706 921 745 ce·

173 768 259 826 'teris
279 790 340 847 quae
360 772 388 828 in
411 770 500 829 Sicilia
520 769 689 846 possiderent,
711 771 753 827 his
775 770 866 829 usibus
885 787 922 825 ac-

194 850 384 910 commodato.
763 854 768 863 '

236 931 274 990 L.
291 932 406 990 Circum
421 932 489 989 hanc
505 930 587 1002 igitur
601 931 696 989 urbem
711 930 767 988 total
782 928 924 989 belli'mole

195 1013 342 1084 contradis,
355 1013 475 1086 consules
491 1011 581 1069 Pomis
595 1011 664 1069 intra
679 1013 845 1071 munitiones
856 1029 925 1069 com·

195 1091 287 1173 pullis,
307 1093 342 1150 ad
357 1114 442 1152 unum
456 1092 520 1150 inde
534 1091 647 1152 milliare
662 1093 743 1150 castra
756 1093 860 1154 locant.
893 1089 923 1148 B·
963 1099 966 1107 ’

195 1187 256 1231 rant
272 1188 332 1232 tum
346 1174 376 1232 in
395 1174 466 1247 agris
480 1187 593 1232 maturae
611 1173 713 1247 fruges,
736 1178 772 1244 δε,
796 1174 860 1252 quia
873 1168 924 1229 diu·

109 1320 115 1327 ·
194 1264 303 1312 tunnam
321 1253 381 1312 sore
399 1253 567 1312 obsidionem
586 1255 739 1331 apparebat,
762 1255 863 1313 milites
880 1253 924 1310 stu·

194 1331 244 1391 dio
262 1334 420 1392 demetendi
441 1334 642 1413 colligendique
664 1334 806 1406 frumenti,
827 1331 925 1406 longiis

193 1416 222 1471 sc
239 1414 382 1488 incautius,
403 1413 486 1494 quim
500 1416 574 1474 hoste
589 1430 645 1473 tam
659 1417 815 1493 propinquo
831 1437 877 1494 par
893 1411 925 1472 es·

194 1493 245 1567 set,
265 1497 441 1569 vagabantur.
483 1496 585 1574 Neque
601 1497 833 1566 Carthaginienses
847 1498 924 1572 impe-

195 1575 249 1635 rite
263 1591 309 1635 aut
327 1577 442 1649 segniter
458 1577 597 1635 occasione
614 1576 662 1648 ust,
684 1598 814 1649 magnam
833 1573 925 1635 intulis·

196 1657 254 1717 sent
268 1658 385 1730 cladem,
406 1658 455 1716 nist
469 1657 639 1716 tantumdem
653 1659 753 1716 virtute
768 1657 925 1716 restituissent

198 1737 319 1798 Romani
340 1740 450 1810 milites,
472 1753 603 1817 quantum
622 1739 786 1810 negligenti&
808 1736 926 1816 perdide·

196 1832 266 1879 rant.
310 1821 406 1896 Qtutu
425 1819 499 1876 enim
519 1820 727 1878 frumentatores
747 1821 865 1878 subitum
882 1818 925 1875 ho·

195 1899 241 1956 ssia
256 1899 390 1975 impetum
408 1898 532 1957 sustinere
552 1918 609 1956 non
628 1902 784 1981 potuissent,
808 1894 925 1959 Poeniad

185 1976 251 2055 'ipsa
270 1979 358 2050 castra,
369 1979 493 2036 Romana
514 1996 705 2057 pemeaterunt:
728 1982 869 2061 divisoque
885 1999 925 2051 ag·

197 2059 272 2118 mine
292 2055 404 2136 quidam
424 2059 526 2118 vallum
551 2061 700 2121 rescindere
721 2064 865 2139 parabant,
889 2057 926 2118 alii

196 2160 262 2199 cum
276 2140 388 2199 statione
401 2159 454 2219 pro
469 2142 557 2200 castris
571 2142 658 2202 locata
671 2145 799 2222 praelium
813 2144 880 2203 cons
915 2173 923 2185 ·

197 2221 270 2280 mm

239 2304 291 2361 LI.
314 2303 398 2362 Tunc
411 2303 503 2375 igitur,
520 2303 586 2362 ficut
601 2303 662 2363 aliis
677 2305 757 2382 saepe,
773 2306 879 2364 militiae
891 2303 924 2360 le·

196 2401 245 2455 gea
259 2388 285 2440 dc
297 2383 468 2462 incorruptus
489 2385 633 2461 disciplinae
651 2387 736 2458 rigor,
758 2407 818 2444 rem
833 2381 925 2460 arcipi·

197 2479 255 2520 tem
274 2465 395 2520 &exitio
411 2467 530 2522 Romani
549 2467 681 2524 exercitiis
699 2467 819 2525 casuram
839 2464 923 2525 erexit.

199 2541 286 2619 Quid
304 2544 377 2600 enim
395 2564 565 2623 quacumque
583 2547 618 2604 de
636 2549 710 2605 causa
727 2550 868 2606 stationem
885 2546 924 2602 de·

196 2623 302 2683 seruisse
316 2624 428 2702 capitale
448 2627 520 2702 apud
535 2627 674 2685 Romanos
695 2629 742 2702 est,
764 2629 925 2688 excubitores

198 2706 267 2766 nihil
288 2705 317 2764 in
336 2706 400 2776 fuga
421 2707 475 2784 spei
496 2708 642 2784 repositum
664 2710 714 2767 esse
735 2711 824 2783 gnari,
849 2726 923 2788 quan·

199 2809 280 2867 quarn
296 2806 410 2846 numero
421 2787 502 2859 longi
515 2790 708 2867 superarentur,
730 2813 851 2868 pugnam
864 2806 923 2868 prae·

196 2869 343 2931 sentiffimis
356 2868 452 2926 animis
468 2869 620 2941 sustinuere,
641 2871 734 2928 multis
748 2873 861 2949 quidem
872 2871 922 2928 suo·

196 2969 259 3007 rum
282 2951 389 3022 amissis,
415 2948 460 3008 sed
485 2951 602 3008 hostium
623 2954 770 3013 interfectis
790 2953 926 3032 pluributg

197 3032 288 3094 donee
302 3030 401 3091 armari
413 3032 541 3092 cohorter
551 3031 784 3113 labormtibusque
799 3035 920 3096 succurra·
