<?xml version="1.0" encoding="UTF-8"?>
<!DOCTYPE html PUBLIC "-//W3C//DTD XHTML 1.0 Transitional//EN"
    "http://www.w3.org/TR/xhtml1/DTD/xhtml1-transitional.dtd">
<html xmlns="http://www.w3.org/1999/xhtml" xml:lang="en" lang="en">
 <head>
  <title>
</title>
<meta http-equiv="Content-Type" content="text/html;charset=utf-8" />
  <meta name='ocr-system' content='tesseract 3.04.00' />
  <meta name='ocr-capabilities' content='ocr_page ocr_carea ocr_par ocr_line ocrx_word'/>
</head>
<body>
  <div class='ocr_page' id='page_1' title='image "./appendixliviana00livygoog_0263.png"; bbox 0 0 1956 3736; ppageno 0'>
   <div class='ocr_carea' id='block_1_1' title="bbox 158 153 776 239">
    <p class='ocr_par' dir='ltr' id='par_1_1' title="bbox 158 153 776 239">
     <span class='ocr_line' id='line_1_1' title="bbox 158 153 776 239; baseline -0.003 -18"><span class='ocrx_word' id='word_1_1' title='bbox 158 160 217 224; x_wconf 81' lang='lat'>126</span> <span class='ocrx_word' id='word_1_2' title='bbox 269 208 272 213; x_wconf 88' lang='lat'><em>.</em></span> <span class='ocrx_word' id='word_1_3' title='bbox 311 161 339 239; x_wconf 88' lang='lat' dir='ltr'>J.</span> <span class='ocrx_word' id='word_1_4' title='bbox 373 153 738 221; x_wconf 66' lang='lat' dir='ltr'>uariatum</span> <span class='ocrx_word' id='word_1_5' title='bbox 772 204 776 211; x_wconf 92' lang='lat'>.</span> 
     </span>
    </p>
   </div>
   <div class='ocr_carea' id='block_1_2' title="bbox 156 291 895 450">
    <p class='ocr_par' dir='ltr' id='par_1_2' title="bbox 156 291 895 450">
     <span class='ocr_line' id='line_1_2' title="bbox 156 291 895 370; baseline -0.009 -15"><span class='ocrx_word' id='word_1_6' title='bbox 156 291 358 354; x_wconf 77' lang='lat' dir='ltr'>firmamentum</span> <span class='ocrx_word' id='word_1_7' title='bbox 379 292 472 365; x_wconf 81' lang='lat' dir='ltr'>omnia</span> <span class='ocrx_word' id='word_1_8' title='bbox 495 291 620 370; x_wconf 90' lang='lat' dir='ltr'>imperii,</span> <span class='ocrx_word' id='word_1_9' title='bbox 634 291 743 364; x_wconf 80' lang='lat' dir='ltr'>&#39;nullo‚</span> <span class='ocrx_word' id='word_1_10' title='bbox 771 291 895 370; x_wconf 68' lang='lat' dir='ltr'>eqoeffiir</span> 
     </span>
     <span class='ocr_line' id='line_1_3' title="bbox 156 372 894 450; baseline -0.005 -17"><span class='ocrx_word' id='word_1_11' title='bbox 156 375 269 433; x_wconf 89' lang='lat' dir='ltr'>modico</span> <span class='ocrx_word' id='word_1_12' title='bbox 283 374 312 430; x_wconf 91' lang='lat' dir='ltr'>in</span> <span class='ocrx_word' id='word_1_13' title='bbox 324 373 430 430; x_wconf 88' lang='lat' dir='ltr'>honore</span> <span class='ocrx_word' id='word_1_14' title='bbox 444 373 560 448; x_wconf 85' lang='lat' dir='ltr'>usuque:</span> <span class='ocrx_word' id='word_1_15' title='bbox 585 372 693 450; x_wconf 77' lang='lat' dir='ltr'>quoties</span> <span class='ocrx_word' id='word_1_16' title='bbox 707 373 781 432; x_wconf 69' lang='lat' dir='ltr'>terri</span> <span class='ocrx_word' id='word_1_17' title='bbox 795 373 894 434; x_wconf 76' lang='lat' dir='ltr'>bellen-</span> 
     </span>
    </p>
   </div>
   <div class='ocr_carea' id='block_1_3' title="bbox 153 453 898 610">
    <p class='ocr_par' dir='ltr' id='par_1_3' title="bbox 153 453 898 610">
     <span class='ocr_line' id='line_1_4' title="bbox 155 453 898 594; baseline -0.011 -82"><span class='ocrx_word' id='word_1_18' title='bbox 155 453 235 526; x_wconf 83' lang='lat' dir='ltr'>dnm,</span> <span class='ocrx_word' id='word_1_19' title='bbox 256 453 429 510; x_wconf 81' lang='lat' dir='ltr'>mercenariis</span> <span class='ocrx_word' id='word_1_20' title='bbox 444 454 531 530; x_wconf 72' lang='lat' dir='ltr'>copiis</span> <span class='ocrx_word' id='word_1_21' title='bbox 545 473 587 511; x_wconf 83' lang='lat' dir='ltr'>res</span> <span class='ocrx_word' id='word_1_22' title='bbox 602 466 761 525; x_wconf 84' lang='lat' dir='ltr'>gereretur;</span> <span class='ocrx_word' id='word_1_23' title='bbox 783 473 898 594; x_wconf 55' lang='lat' dir='ltr'>Tum</span> 
     </span>
     <span class='ocr_line' id='line_1_5' title="bbox 153 533 892 610; baseline -0.015 -18"><span class='ocrx_word' id='word_1_24' title='bbox 153 551 244 610; x_wconf 80' lang='lat' dir='ltr'>neque</span> <span class='ocrx_word' id='word_1_25' title='bbox 262 533 357 591; x_wconf 81' lang='lat' dir='ltr'>caritas</span> <span class='ocrx_word' id='word_1_26' title='bbox 376 533 432 591; x_wconf 85' lang='lat' dir='ltr'>ulla</span> <span class='ocrx_word' id='word_1_27' title='bbox 450 534 479 591; x_wconf 88' lang='lat' dir='ltr'>in</span> <span class='ocrx_word' id='word_1_28' title='bbox 493 533 700 610; x_wconf 79' lang='lat' dir='ltr'>rempublicam,</span> <span class='ocrx_word' id='word_1_29' title='bbox 723 535 787 594; x_wconf 82' lang='lat' dir='ltr'>&amp;fi</span> <span class='ocrx_word' id='word_1_30' title='bbox 808 556 840 595; x_wconf 81' lang='lat' dir='ltr'>et</span> <span class='ocrx_word' id='word_1_31' title='bbox 851 555 892 593; x_wconf 81' lang='lat' dir='ltr'>ve.</span> 
     </span>
    </p>
   </div>
   <div class='ocr_carea' id='block_1_4' title="bbox 152 613 892 1016">
    <p class='ocr_par' dir='ltr' id='par_1_4' title="bbox 152 613 892 1016">
     <span class='ocr_line' id='line_1_6' title="bbox 152 613 892 691; baseline 0.005 -20"><span class='ocrx_word' id='word_1_32' title='bbox 152 614 232 686; x_wconf 77' lang='lat' dir='ltr'>utalia,</span> <span class='ocrx_word' id='word_1_33' title='bbox 254 618 281 672; x_wconf 77' lang='grc' dir='ltr'>δι</span> <span class='ocrx_word' id='word_1_34' title='bbox 298 613 430 673; x_wconf 83' lang='lat' dir='ltr'>discordia</span> <span class='ocrx_word' id='word_1_35' title='bbox 448 613 568 685; x_wconf 75' lang='lat' dir='ltr'>molesta,</span> <span class='ocrx_word' id='word_1_36' title='bbox 589 614 799 691; x_wconf 84' lang='lat' dir='ltr'>&amp;conspiratio</span> <span class='ocrx_word' id='word_1_37' title='bbox 820 615 892 675; x_wconf 87' lang='lat' dir='ltr'>terri·</span> 
     </span>
     <span class='ocr_line' id='line_1_7' title="bbox 154 691 892 772; baseline 0.003 -21"><span class='ocrx_word' id='word_1_38' title='bbox 154 691 217 752; x_wconf 82' lang='lat' dir='ltr'>bilis</span> <span class='ocrx_word' id='word_1_39' title='bbox 244 695 327 754; x_wconf 84' lang='lat' dir='ltr'>esset:</span> <span class='ocrx_word' id='word_1_40' title='bbox 357 695 427 752; x_wconf 85' lang='lat' dir='ltr'>adeo</span> <span class='ocrx_word' id='word_1_41' title='bbox 451 695 558 772; x_wconf 81' lang='lat' dir='ltr'>capitali</span> <span class='ocrx_word' id='word_1_42' title='bbox 578 712 680 766; x_wconf 84' lang='lat' dir='ltr'>errore,</span> <span class='ocrx_word' id='word_1_43' title='bbox 700 709 734 753; x_wconf 86' lang='lat' dir='ltr'>ut</span> <span class='ocrx_word' id='word_1_44' title='bbox 752 713 815 758; x_wconf 85' lang='lat' dir='ltr'>uon</span> <span class='ocrx_word' id='word_1_45' title='bbox 832 696 892 756; x_wconf 83' lang='lat' dir='ltr'>aliua</span> 
     </span>
     <span class='ocr_line' id='line_1_8' title="bbox 153 772 891 848; baseline 0.007 -17"><span class='ocrx_word' id='word_1_46' title='bbox 153 772 248 848; x_wconf 82' lang='lat' dir='ltr'>hostis,</span> <span class='ocrx_word' id='word_1_47' title='bbox 269 791 330 834; x_wconf 87' lang='lat' dir='ltr'>ante</span> <span class='ocrx_word' id='word_1_48' title='bbox 350 775 480 834; x_wconf 90' lang='lat' dir='ltr'>ultimum</span> <span class='ocrx_word' id='word_1_49' title='bbox 502 773 661 846; x_wconf 80' lang='lat' dir='ltr'>exscidium,</span> <span class='ocrx_word' id='word_1_50' title='bbox 681 795 743 834; x_wconf 87' lang='lat' dir='ltr'>rern</span> <span class='ocrx_word' id='word_1_51' title='bbox 767 777 891 836; x_wconf 69' lang='lat' dir='ltr'>Ponitur</span> 
     </span>
     <span class='ocr_line' id='line_1_9' title="bbox 156 854 891 936; baseline -0.001 -22"><span class='ocrx_word' id='word_1_52' title='bbox 156 866 214 914; x_wconf 87' lang='lat' dir='ltr'>tam</span> <span class='ocrx_word' id='word_1_53' title='bbox 227 877 313 936; x_wconf 90' lang='lat' dir='ltr'>prope</span> <span class='ocrx_word' id='word_1_54' title='bbox 319 854 355 915; x_wconf 91' lang='lat' dir='ltr'>ad</span> <span class='ocrx_word' id='word_1_55' title='bbox 365 872 514 916; x_wconf 82' lang='lat' dir='ltr'>extremam</span> <span class='ocrx_word' id='word_1_56' title='bbox 521 855 736 934; x_wconf 78' lang='lat' dir='ltr'>desperationem</span> <span class='ocrx_word' id='word_1_57' title='bbox 743 856 891 917; x_wconf 84' lang='lat' dir='ltr'>adduxerit.</span> 
     </span>
     <span class='ocr_line' id='line_1_10' title="bbox 156 935 892 1016; baseline -0.007 -18"><span class='ocrx_word' id='word_1_58' title='bbox 156 937 261 1016; x_wconf 85' lang='lat' dir='ltr'>Neque</span> <span class='ocrx_word' id='word_1_59' title='bbox 280 939 370 997; x_wconf 88' lang='lat' dir='ltr'>minor</span> <span class='ocrx_word' id='word_1_60' title='bbox 389 958 424 996; x_wconf 85' lang='lat' dir='ltr'>ex</span> <span class='ocrx_word' id='word_1_61' title='bbox 443 956 477 994; x_wconf 92' lang='lat' dir='ltr'>eo</span> <span class='ocrx_word' id='word_1_62' title='bbox 495 937 631 995; x_wconf 84' lang='lat' dir='ltr'>malorum</span> <span class='ocrx_word' id='word_1_63' title='bbox 650 936 737 1009; x_wconf 72' lang='lat' dir='ltr'>seges,</span> <span class='ocrx_word' id='word_1_64' title='bbox 759 935 838 1016; x_wconf 77' lang='lat' dir='ltr'>qudd</span> <span class='ocrx_word' id='word_1_65' title='bbox 850 937 892 1016; x_wconf 87' lang='lat' dir='ltr'>qui</span> 
     </span>
    </p>
   </div>
   <div class='ocr_carea' id='block_1_5' title="bbox 28 1016 892 1091">
    <p class='ocr_par' dir='ltr' id='par_1_5' title="bbox 28 1016 892 1091">
     <span class='ocr_line' id='line_1_11' title="bbox 28 1016 892 1091; baseline -0.002 -13"><span class='ocrx_word' id='word_1_66' title='bbox 28 1054 34 1064; x_wconf 82' lang='lat'><em>·</em></span> <span class='ocrx_word' id='word_1_67' title='bbox 156 1021 188 1078; x_wconf 87' lang='lat' dir='ltr'>in</span> <span class='ocrx_word' id='word_1_68' title='bbox 207 1019 401 1091; x_wconf 76' lang='lat' dir='ltr'>magiſtratibus</span> <span class='ocrx_word' id='word_1_69' title='bbox 415 1024 441 1075; x_wconf 74' lang='grc' dir='ltr'>δι</span> <span class='ocrx_word' id='word_1_70' title='bbox 455 1019 483 1074; x_wconf 90' lang='lat' dir='ltr'>in</span> <span class='ocrx_word' id='word_1_71' title='bbox 497 1016 680 1076; x_wconf 75' lang='lat' dir='ltr'>curationibus</span> <span class='ocrx_word' id='word_1_72' title='bbox 694 1032 784 1089; x_wconf 88' lang='lat' dir='ltr'>erant,</span> <span class='ocrx_word' id='word_1_73' title='bbox 805 1017 892 1078; x_wconf 74' lang='lat' dir='ltr'>mutui</span> 
     </span>
    </p>
   </div>
   <div class='ocr_carea' id='block_1_6' title="bbox 150 1098 906 3123">
    <p class='ocr_par' dir='ltr' id='par_1_6' title="bbox 150 1098 906 3123">
     <span class='ocr_line' id='line_1_12' title="bbox 157 1098 892 1175; baseline -0.005 -17"><span class='ocrx_word' id='word_1_74' title='bbox 157 1100 364 1159; x_wconf 82' lang='lat' dir='ltr'>diffimulatione</span> <span class='ocrx_word' id='word_1_75' title='bbox 378 1098 531 1175; x_wconf 83' lang='lat' dir='ltr'>peculatum</span> <span class='ocrx_word' id='word_1_76' title='bbox 543 1099 655 1174; x_wconf 90' lang='lat' dir='ltr'>impune</span> <span class='ocrx_word' id='word_1_77' title='bbox 668 1099 852 1160; x_wconf 76' lang='lat' dir='ltr'>exercebantt</span> <span class='ocrx_word' id='word_1_78' title='bbox 865 1111 892 1156; x_wconf 83' lang='lat' dir='ltr'>ut</span> 
     </span>
     <span class='ocr_line' id='line_1_13' title="bbox 157 1177 891 1258; baseline -0.005 -18"><span class='ocrx_word' id='word_1_79' title='bbox 157 1181 195 1240; x_wconf 79' lang='lat' dir='ltr'>iic</span> <span class='ocrx_word' id='word_1_80' title='bbox 216 1201 324 1258; x_wconf 87' lang='lat' dir='ltr'>quoque</span> <span class='ocrx_word' id='word_1_81' title='bbox 347 1179 437 1237; x_wconf 78' lang='lat' dir='ltr'>minus</span> <span class='ocrx_word' id='word_1_82' title='bbox 458 1178 611 1237; x_wconf 88' lang='lat' dir='ltr'>mirandum</span> <span class='ocrx_word' id='word_1_83' title='bbox 634 1178 686 1236; x_wconf 81' lang='lat' dir='ltr'>esse</span> <span class='ocrx_word' id='word_1_84' title='bbox 705 1179 851 1252; x_wconf 84' lang='lat' dir='ltr'>videatur,</span> <span class='ocrx_word' id='word_1_85' title='bbox 872 1177 891 1236; x_wconf 85' lang='lat' dir='ltr'>ti</span> 
     </span>
     <span class='ocr_line' id='line_1_14' title="bbox 156 1259 891 1336; baseline 0.001 -17"><span class='ocrx_word' id='word_1_86' title='bbox 156 1260 230 1320; x_wconf 90' lang='lat' dir='ltr'>bello</span> <span class='ocrx_word' id='word_1_87' title='bbox 245 1262 315 1318; x_wconf 90' lang='lat' dir='ltr'>inter</span> <span class='ocrx_word' id='word_1_88' title='bbox 326 1261 374 1316; x_wconf 80' lang='lat' dir='ltr'>har</span> <span class='ocrx_word' id='word_1_89' title='bbox 388 1260 509 1317; x_wconf 77' lang='lat' dir='ltr'>civitates</span> <span class='ocrx_word' id='word_1_90' title='bbox 523 1273 619 1318; x_wconf 82' lang='lat' dir='ltr'>exorto</span> <span class='ocrx_word' id='word_1_91' title='bbox 633 1259 785 1336; x_wconf 85' lang='lat' dir='ltr'>superiores</span> <span class='ocrx_word' id='word_1_92' title='bbox 792 1261 891 1320; x_wconf 78' lang='lat' dir='ltr'>Rom-</span> 
     </span>
     <span class='ocr_line' id='line_1_15' title="bbox 156 1339 891 1420; baseline 0 -20"><span class='ocrx_word' id='word_1_93' title='bbox 156 1343 186 1400; x_wconf 83' lang='lat' dir='ltr'>oi</span> <span class='ocrx_word' id='word_1_94' title='bbox 204 1341 324 1411; x_wconf 75' lang='lat' dir='ltr'>fueritin,</span> <span class='ocrx_word' id='word_1_95' title='bbox 346 1359 463 1416; x_wconf 89' lang='lat' dir='ltr'>quorum</span> <span class='ocrx_word' id='word_1_96' title='bbox 482 1339 615 1398; x_wconf 77' lang='lat' dir='ltr'>senatores</span> <span class='ocrx_word' id='word_1_97' title='bbox 633 1339 708 1398; x_wconf 78' lang='lat' dir='ltr'>durio</span> <span class='ocrx_word' id='word_1_98' title='bbox 726 1341 891 1420; x_wconf 72' lang='lat' dir='ltr'>temporibus</span> 
     </span>
     <span class='ocr_line' id='line_1_16' title="bbox 150 1419 889 1501; baseline 0.001 -21"><span class='ocrx_word' id='word_1_99' title='bbox 150 1421 226 1481; x_wconf 80' lang='lat' dir='ltr'>suam</span> <span class='ocrx_word' id='word_1_100' title='bbox 246 1422 388 1498; x_wconf 88' lang='lat' dir='ltr'>pecuniam</span> <span class='ocrx_word' id='word_1_101' title='bbox 401 1420 432 1478; x_wconf 88' lang='lat' dir='ltr'>in</span> <span class='ocrx_word' id='word_1_102' title='bbox 445 1419 586 1496; x_wconf 87' lang='lat' dir='ltr'>publicum</span> <span class='ocrx_word' id='word_1_103' title='bbox 600 1420 791 1494; x_wconf 84' lang='lat' dir='ltr'>conserebant,</span> <span class='ocrx_word' id='word_1_104' title='bbox 801 1439 889 1501; x_wconf 60' lang='lat' dir='ltr'>‘quum</span> 
     </span>
     <span class='ocr_line' id='line_1_17' title="bbox 157 1500 880 1580; baseline 0 -20"><span class='ocrx_word' id='word_1_105' title='bbox 157 1501 389 1573; x_wconf 76' lang='lat' dir='ltr'>Carthaginienses</span> <span class='ocrx_word' id='word_1_106' title='bbox 403 1501 599 1577; x_wconf 79' lang='lat' dir='ltr'>rempublicam</span> <span class='ocrx_word' id='word_1_107' title='bbox 613 1500 745 1560; x_wconf 79' lang='lat' dir='ltr'>haberent</span> <span class='ocrx_word' id='word_1_108' title='bbox 760 1502 880 1580; x_wconf 67' lang='lat' dir='ltr'>quaestui,</span> 
     </span>
     <span class='ocr_line' id='line_1_18' title="bbox 196 1581 890 1658; baseline -0.006 -17"><span class='ocrx_word' id='word_1_109' title='bbox 196 1583 272 1642; x_wconf 90' lang='lat' dir='ltr'>VII.</span> <span class='ocrx_word' id='word_1_110' title='bbox 288 1581 341 1641; x_wconf 89' lang='lat' dir='ltr'>Sed</span> <span class='ocrx_word' id='word_1_111' title='bbox 353 1582 484 1640; x_wconf 82' lang='lat' dir='ltr'>haecuitia</span> <span class='ocrx_word' id='word_1_112' title='bbox 495 1581 623 1658; x_wconf 73' lang='lat' dir='ltr'>cumipse</span> <span class='ocrx_word' id='word_1_113' title='bbox 633 1581 700 1640; x_wconf 92' lang='lat' dir='ltr'>urbe</span> <span class='ocrx_word' id='word_1_114' title='bbox 710 1582 890 1642; x_wconf 82' lang='lat' dir='ltr'>adoleverunt.</span> 
     </span>
     <span class='ocr_line' id='line_1_19' title="bbox 157 1661 891 1742; baseline -0.001 -20"><span class='ocrx_word' id='word_1_115' title='bbox 157 1683 243 1742; x_wconf 86' lang='lat' dir='ltr'>quare</span> <span class='ocrx_word' id='word_1_116' title='bbox 253 1663 373 1740; x_wconf 80' lang='lat' dir='ltr'>primirm</span> <span class='ocrx_word' id='word_1_117' title='bbox 385 1662 508 1740; x_wconf 89' lang='lat' dir='ltr'>quidem,</span> <span class='ocrx_word' id='word_1_118' title='bbox 516 1675 547 1719; x_wconf 91' lang='lat' dir='ltr'>ut</span> <span class='ocrx_word' id='word_1_119' title='bbox 559 1661 665 1721; x_wconf 80' lang='lat' dir='ltr'>infirma</span> <span class='ocrx_word' id='word_1_120' title='bbox 673 1665 700 1719; x_wconf 69' lang='lat' dir='ltr'>dr</span> <span class='ocrx_word' id='word_1_121' title='bbox 710 1663 835 1737; x_wconf 88' lang='lat' dir='ltr'>modica,</span> <span class='ocrx_word' id='word_1_122' title='bbox 842 1681 891 1722; x_wconf 88' lang='lat' dir='ltr'>nou</span> 
     </span>
     <span class='ocr_line' id='line_1_20' title="bbox 156 1740 891 1823; baseline 0.001 -20"><span class='ocrx_word' id='word_1_123' title='bbox 156 1764 230 1815; x_wconf 85' lang='lat' dir='ltr'>aegre</span> <span class='ocrx_word' id='word_1_124' title='bbox 244 1745 438 1801; x_wconf 83' lang='lat' dir='ltr'>tolerabantur:</span> <span class='ocrx_word' id='word_1_125' title='bbox 454 1743 512 1818; x_wconf 87' lang='lat' dir='ltr'>post</span> <span class='ocrx_word' id='word_1_126' title='bbox 523 1740 689 1820; x_wconf 77' lang='lat' dir='ltr'>aliquamdiu</span> <span class='ocrx_word' id='word_1_127' title='bbox 702 1743 830 1804; x_wconf 83' lang='lat' dir='ltr'>sustinere</span> <span class='ocrx_word' id='word_1_128' title='bbox 844 1763 891 1823; x_wconf 90' lang='lat' dir='ltr'>po·</span> 
     </span>
     <span class='ocr_line' id='line_1_21' title="bbox 154 1821 890 1900; baseline 0.004 -19"><span class='ocrx_word' id='word_1_129' title='bbox 154 1826 211 1881; x_wconf 80' lang='lat' dir='ltr'>tuit</span> <span class='ocrx_word' id='word_1_130' title='bbox 224 1821 518 1899; x_wconf 84' lang='lat' dir='ltr'>imperii-magnitudo,</span> <span class='ocrx_word' id='word_1_131' title='bbox 540 1826 566 1880; x_wconf 74' lang='lat' dir='ltr'>dc</span> <span class='ocrx_word' id='word_1_132' title='bbox 577 1821 689 1900; x_wconf 83' lang='lat' dir='ltr'>quidam</span> <span class='ocrx_word' id='word_1_133' title='bbox 702 1822 832 1896; x_wconf 77' lang='lat' dir='ltr'>singulari</span> <span class='ocrx_word' id='word_1_134' title='bbox 841 1826 890 1884; x_wconf 79' lang='lat' dir='ltr'>vir·</span> 
     </span>
     <span class='ocr_line' id='line_1_22' title="bbox 157 1901 891 1985; baseline 0.007 -28"><span class='ocrx_word' id='word_1_135' title='bbox 157 1915 216 1958; x_wconf 92' lang='lat' dir='ltr'>tute</span> <span class='ocrx_word' id='word_1_136' title='bbox 238 1901 332 1973; x_wconf 76' lang='lat' dir='ltr'>duces,</span> <span class='ocrx_word' id='word_1_137' title='bbox 358 1922 476 1978; x_wconf 90' lang='lat' dir='ltr'>quorum</span> <span class='ocrx_word' id='word_1_138' title='bbox 496 1901 616 1960; x_wconf 69' lang='lat' dir='ltr'>maximi</span> <span class='ocrx_word' id='word_1_139' title='bbox 636 1902 735 1980; x_wconf 73' lang='lat' dir='ltr'>operi,</span> <span class='ocrx_word' id='word_1_140' title='bbox 761 1901 891 1985; x_wconf 68' lang='lat' dir='ltr'>quidquid</span> 
     </span>
     <span class='ocr_line' id='line_1_23' title="bbox 153 1980 890 2060; baseline 0.011 -21"><span class='ocrx_word' id='word_1_141' title='bbox 153 1981 294 2040; x_wconf 67' lang='lat' dir='ltr'>felicitatis</span> <span class='ocrx_word' id='word_1_142' title='bbox 308 1981 444 2052; x_wconf 87' lang='lat' dir='ltr'>Carthago</span> <span class='ocrx_word' id='word_1_143' title='bbox 461 1980 567 2054; x_wconf 87' lang='lat' dir='ltr'>habuit,</span> <span class='ocrx_word' id='word_1_144' title='bbox 588 1998 777 2060; x_wconf 85' lang='lat' dir='ltr'>comparatum</span> <span class='ocrx_word' id='word_1_145' title='bbox 792 1984 890 2046; x_wconf 73' lang='lat' dir='ltr'>‚tabii-</span> 
     </span>
     <span class='ocr_line' id='line_1_24' title="bbox 151 2061 906 2144; baseline 0.005 -21"><span class='ocrx_word' id='word_1_146' title='bbox 151 2074 272 2142; x_wconf 65' lang='lat' dir='ltr'>tumque</span> <span class='ocrx_word' id='word_1_147' title='bbox 293 2062 445 2140; x_wconf 80' lang='lat' dir='ltr'>comperio.</span> <span class='ocrx_word' id='word_1_148' title='bbox 487 2062 542 2123; x_wconf 87' lang='lat' dir='ltr'>Sed</span> <span class='ocrx_word' id='word_1_149' title='bbox 561 2061 596 2121; x_wconf 84' lang='lat' dir='ltr'>ab</span> <span class='ocrx_word' id='word_1_150' title='bbox 614 2065 694 2123; x_wconf 87' lang='lat' dir='ltr'>initio</span> <span class='ocrx_word' id='word_1_151' title='bbox 713 2065 830 2144; x_wconf 87' lang='lat' dir='ltr'>quidem</span> <span class='ocrx_word' id='word_1_152' title='bbox 847 2065 906 2126; x_wconf 68' lang='lat' dir='ltr'>ad·r</span> 
     </span>
     <span class='ocr_line' id='line_1_25' title="bbox 154 2143 892 2225; baseline 0.005 -22"><span class='ocrx_word' id='word_1_153' title='bbox 154 2145 253 2203; x_wconf 66' lang='lat' dir='ltr'>uertite</span> <span class='ocrx_word' id='word_1_154' title='bbox 269 2144 354 2203; x_wconf 78' lang='lat' dir='ltr'>Afros</span> <span class='ocrx_word' id='word_1_155' title='bbox 366 2143 482 2215; x_wconf 70' lang='lat' dir='ltr'>vectigal</span> <span class='ocrx_word' id='word_1_156' title='bbox 498 2165 549 2222; x_wconf 92' lang='lat' dir='ltr'>pro</span> <span class='ocrx_word' id='word_1_157' title='bbox 564 2143 709 2204; x_wconf 82' lang='lat' dir='ltr'>solourbir</span> <span class='ocrx_word' id='word_1_158' title='bbox 725 2148 892 2225; x_wconf 69' lang='lat' dir='ltr'>reposcente</span> 
     </span>
     <span class='ocr_line' id='line_1_26' title="bbox 157 2220 891 2304; baseline 0 -20"><span class='ocrx_word' id='word_1_159' title='bbox 157 2220 318 2285; x_wconf 85' lang='lat' dir='ltr'>dimicatum</span> <span class='ocrx_word' id='word_1_160' title='bbox 333 2225 386 2283; x_wconf 78' lang='lat' dir='ltr'>eii:</span> <span class='ocrx_word' id='word_1_161' title='bbox 408 2223 491 2303; x_wconf 89' lang='lat' dir='ltr'>idque</span> <span class='ocrx_word' id='word_1_162' title='bbox 507 2227 552 2301; x_wconf 85' lang='lat' dir='ltr'>jua</span> <span class='ocrx_word' id='word_1_163' title='bbox 566 2243 623 2283; x_wconf 88' lang='lat' dir='ltr'>non</span> <span class='ocrx_word' id='word_1_164' title='bbox 636 2225 685 2284; x_wconf 89' lang='lat' dir='ltr'>nisi</span> <span class='ocrx_word' id='word_1_165' title='bbox 699 2229 824 2304; x_wconf 77' lang='lat' dir='ltr'>repetitio</span> <span class='ocrx_word' id='word_1_166' title='bbox 838 2228 891 2289; x_wconf 77' lang='lat' dir='ltr'>hel-</span> 
     </span>
     <span class='ocr_line' id='line_1_27' title="bbox 158 2304 890 2388; baseline 0.001 -23"><span class='ocrx_word' id='word_1_167' title='bbox 158 2304 193 2365; x_wconf 85' lang='lat' dir='ltr'>lir</span> <span class='ocrx_word' id='word_1_168' title='bbox 213 2322 358 2366; x_wconf 86' lang='lat' dir='ltr'>extortum.</span> <span class='ocrx_word' id='word_1_169' title='bbox 380 2305 446 2364; x_wconf 91' lang='lat' dir='ltr'>inde</span> <span class='ocrx_word' id='word_1_170' title='bbox 468 2305 603 2382; x_wconf 83' lang='lat' dir='ltr'>prolatum</span> <span class='ocrx_word' id='word_1_171' title='bbox 622 2306 705 2365; x_wconf 82' lang='lat' dir='ltr'>etiam</span> <span class='ocrx_word' id='word_1_172' title='bbox 725 2308 890 2388; x_wconf 79' lang='lat' dir='ltr'>imperium:</span> 
     </span>
     <span class='ocr_line' id='line_1_28' title="bbox 159 2385 891 2466; baseline 0.005 -21"><span class='ocrx_word' id='word_1_173' title='bbox 159 2385 317 2464; x_wconf 77' lang='lat' dir='ltr'>Africaeque</span> <span class='ocrx_word' id='word_1_174' title='bbox 339 2406 399 2462; x_wconf 82' lang='lat' dir='ltr'>pare</span> <span class='ocrx_word' id='word_1_175' title='bbox 419 2385 558 2445; x_wconf 84' lang='lat' dir='ltr'>cultiffima</span> <span class='ocrx_word' id='word_1_176' title='bbox 576 2385 624 2444; x_wconf 89' lang='lat' dir='ltr'>sub</span> <span class='ocrx_word' id='word_1_177' title='bbox 643 2385 779 2448; x_wconf 85' lang='lat' dir='ltr'>ditionem</span> <span class='ocrx_word' id='word_1_178' title='bbox 798 2386 891 2466; x_wconf 73' lang='lat' dir='ltr'>popul¹</span> 
     </span>
     <span class='ocr_line' id='line_1_29' title="bbox 152 2465 886 2540; baseline 0.003 -15"><span class='ocrx_word' id='word_1_179' title='bbox 152 2465 383 2537; x_wconf 70' lang='lat' dir='ltr'>Carthaginiensis</span> <span class='ocrx_word' id='word_1_180' title='bbox 401 2466 518 2527; x_wconf 74' lang='lat' dir='ltr'>redadia.</span> <span class='ocrx_word' id='word_1_181' title='bbox 560 2467 596 2525; x_wconf 90' lang='lat' dir='ltr'>In</span> <span class='ocrx_word' id='word_1_182' title='bbox 616 2465 770 2529; x_wconf 71' lang='lat' dir='ltr'>Sardiniam</span> <span class='ocrx_word' id='word_1_183' title='bbox 787 2482 886 2540; x_wconf 83' lang='lat' dir='ltr'>autem,</span> 
     </span>
     <span class='ocr_line' id='line_1_30' title="bbox 153 2543 889 2628; baseline 0.003 -21"><span class='ocrx_word' id='word_1_184' title='bbox 153 2543 258 2607; x_wconf 82' lang='lat' dir='ltr'>deinde</span> <span class='ocrx_word' id='word_1_185' title='bbox 273 2546 402 2618; x_wconf 79' lang='lat' dir='ltr'>Siciliam,</span> <span class='ocrx_word' id='word_1_186' title='bbox 424 2561 455 2606; x_wconf 91' lang='lat' dir='ltr'>ut</span> <span class='ocrx_word' id='word_1_187' title='bbox 468 2548 642 2623; x_wconf 83' lang='lat' dir='ltr'>trajiceretur,</span> <span class='ocrx_word' id='word_1_188' title='bbox 663 2550 748 2609; x_wconf 80' lang='lat' dir='ltr'>maria</span> <span class='ocrx_word' id='word_1_189' title='bbox 761 2562 889 2628; x_wconf 65' lang='lat' dir='ltr'>opportt-</span> 
     </span>
     <span class='ocr_line' id='line_1_31' title="bbox 151 2625 889 2698; baseline 0.007 -11"><span class='ocrx_word' id='word_1_190' title='bbox 151 2627 237 2698; x_wconf 70' lang='lat' dir='ltr'>aitae‚</span> <span class='ocrx_word' id='word_1_191' title='bbox 259 2629 284 2683; x_wconf 75' lang='grc' dir='ltr'>δι</span> <span class='ocrx_word' id='word_1_192' title='bbox 300 2625 372 2685; x_wconf 78' lang='lat' dir='ltr'>illiue</span> <span class='ocrx_word' id='word_1_193' title='bbox 391 2627 482 2687; x_wconf 78' lang='lat' dir='ltr'>insulae</span> <span class='ocrx_word' id='word_1_194' title='bbox 495 2628 571 2687; x_wconf 80' lang='lat' dir='ltr'>rudia</span> <span class='ocrx_word' id='word_1_195' title='bbox 586 2626 623 2685; x_wconf 75' lang='lat' dir='ltr'>od</span> <span class='ocrx_word' id='word_1_196' title='bbox 640 2628 816 2691; x_wconf 75' lang='lat' dir='ltr'>resiliendum</span> <span class='ocrx_word' id='word_1_197' title='bbox 832 2630 889 2691; x_wconf 61' lang='lat' dir='ltr'>bat*</span> 
     </span>
     <span class='ocr_line' id='line_1_32' title="bbox 151 2706 889 2789; baseline 0.001 -18"><span class='ocrx_word' id='word_1_198' title='bbox 151 2708 255 2779; x_wconf 63' lang='lat' dir='ltr'>haria,</span> <span class='ocrx_word' id='word_1_199' title='bbox 275 2706 356 2784; x_wconf 83' lang='lat' dir='ltr'>hujus</span> <span class='ocrx_word' id='word_1_200' title='bbox 370 2707 407 2766; x_wconf 92' lang='lat' dir='ltr'>ob</span> <span class='ocrx_word' id='word_1_201' title='bbox 425 2707 569 2769; x_wconf 77' lang='lat' dir='ltr'>discordiae</span> <span class='ocrx_word' id='word_1_202' title='bbox 590 2725 732 2786; x_wconf 72' lang='lat' dir='ltr'>perpetrm</span> <span class='ocrx_word' id='word_1_203' title='bbox 754 2710 889 2789; x_wconf 86' lang='lat' dir='ltr'>potentio·</span> 
     </span>
     <span class='ocr_line' id='line_1_33' title="bbox 151 2789 889 2867; baseline 0.001 -18"><span class='ocrx_word' id='word_1_204' title='bbox 151 2808 219 2849; x_wconf 74' lang='lat' dir='ltr'>aum</span> <span class='ocrx_word' id='word_1_205' title='bbox 241 2790 345 2866; x_wconf 79' lang='lat' dir='ltr'>injuriis</span> <span class='ocrx_word' id='word_1_206' title='bbox 362 2789 480 2866; x_wconf 83' lang='lat' dir='ltr'>exposita</span> <span class='ocrx_word' id='word_1_207' title='bbox 500 2789 674 2867; x_wconf 86' lang='lat' dir='ltr'>pulchritudo</span> <span class='ocrx_word' id='word_1_208' title='bbox 693 2791 831 2853; x_wconf 74' lang='lat' dir='ltr'>invitavit.</span> <span class='ocrx_word' id='word_1_209' title='bbox 857 2792 889 2851; x_wconf 78' lang='lat' dir='ltr'>in</span> 
     </span>
     <span class='ocr_line' id='line_1_34' title="bbox 153 2869 888 2944; baseline 0.005 -15"><span class='ocrx_word' id='word_1_210' title='bbox 153 2869 297 2933; x_wconf 74' lang='lat' dir='ltr'>corneam</span> <span class='ocrx_word' id='word_1_211' title='bbox 316 2889 350 2928; x_wconf 89' lang='lat' dir='ltr'>ex</span> <span class='ocrx_word' id='word_1_212' title='bbox 365 2869 486 2928; x_wconf 77' lang='lat' dir='ltr'>Sardinia</span> <span class='ocrx_word' id='word_1_213' title='bbox 503 2871 590 2930; x_wconf 78' lang='lat' dir='ltr'>facilia</span> <span class='ocrx_word' id='word_1_214' title='bbox 608 2870 741 2944; x_wconf 68' lang='lat' dir='ltr'>uiuitur,</span> <span class='ocrx_word' id='word_1_215' title='bbox 762 2877 789 2931; x_wconf 73' lang='lat' dir='ltr'>ir</span> <span class='ocrx_word' id='word_1_216' title='bbox 803 2872 888 2934; x_wconf 69' lang='lat' dir='ltr'>iasab</span> 
     </span>
     <span class='ocr_line' id='line_1_35' title="bbox 152 2951 889 3030; baseline 0.004 -22"><span class='ocrx_word' id='word_1_217' title='bbox 152 2962 212 3008; x_wconf 74' lang='lat' dir='ltr'>aton</span> <span class='ocrx_word' id='word_1_218' title='bbox 224 2951 427 3028; x_wconf 82' lang='lat' dir='ltr'>opulentiffimae</span> <span class='ocrx_word' id='word_1_219' title='bbox 440 2952 595 3030; x_wconf 89' lang='lat' dir='ltr'>promptior</span> <span class='ocrx_word' id='word_1_220' title='bbox 609 2954 754 3029; x_wconf 81' lang='lat' dir='ltr'>occupatio</span> <span class='ocrx_word' id='word_1_221' title='bbox 767 2953 889 3014; x_wconf 78' lang='lat' dir='ltr'>fuir.-Ar</span> 
     </span>
     <span class='ocr_line' id='line_1_36' title="bbox 150 3028 886 3123; baseline 0.01 -33"><span class='ocrx_word' id='word_1_222' title='bbox 150 3028 440 3116; x_wconf 55' lang='lat' dir='ltr'>aestimandum</span> <span class='ocrx_word' id='word_1_223' title='bbox 452 3031 525 3096; x_wconf 68' lang='lat' dir='ltr'>vett</span> <span class='ocrx_word' id='word_1_224' title='bbox 535 3030 646 3123; x_wconf 62' lang='lat' dir='ltr'>{muni</span> <span class='ocrx_word' id='word_1_225' title='bbox 655 3032 886 3116; x_wconf 59' lang='lat' dir='ltr'>immed}</span> 
     </span>
    </p>
   </div>
   <div class='ocr_carea' id='block_1_7' title="bbox 0 0 982 3736">
    <p class='ocr_par' dir='ltr' id='par_1_7' title="bbox 0 0 982 3736">
     <span class='ocr_line' id='line_1_37' title="bbox 0 0 982 3736; baseline 0 1"><span class='ocrx_word' id='word_1_226' title='bbox 0 0 982 3736; x_wconf 95' lang='lat' dir='ltr'> </span> 
     </span>
    </p>
   </div>
  </div>
 </body>
</html>
