1956 3736
162 157 257 229 aaz·
327 155 804 234 sfrntnsunnrt¹
939 84 943 237 l

75 300 109 351 υ.
122 303 151 358 n
173 285 304 364 praebitis.
324 283 393 342 intra
404 281 480 359 quod
497 295 605 360 tempos
620 282 713 342 Bostar
727 282 831 342 Poenus'
841 300 899 355 nup·
941 276 943 283 ’

88 380 148 424 50²·
173 387 234 425 rore
255 366 379 441 sanieque
399 362 528 420 extabuit.
563 361 688 421 Amilcar
704 361 774 422 verb
796 363 898 432 firmior,

76 433 106 478 Α
121 433 149 480 ⁰·
173 447 252 509 etiam
268 446 333 502 alios
347 445 466 520 quinque
487 443 546 501 dies
565 461 629 501 cum
649 443 785 502 cadavere
800 443 901 505 Bollam

89 508 156 555 ²5⁰⁸·
171 526 298 596 inclusus,
318 524 435 601 ciboque
453 522 558 581 tannim
573 524 608 580 ad
625 524 711 582 vitam
729 545 798 583 cum
812 523 902 584 miserit

169 604 370 684 prorogandam
388 604 451 662 dato
466 603 590 662 duravit:
612 601 702 662 donec
717 607 834 675 cognito
848 601 903 682 quid

167 684 256 756 fieret,
273 685 473 758 magistratuum
489 685 604 762 imperio
618 683 719 758 saevitia
731 686 851 743 co'e'rcita
863 685 901 754 eli,
932 737 935 746 .

166 765 375 843 injunstumque
395 782 425 824 ut
448 765 561 823 Bostaris
586 764 720 823 cineribus
744 765 776 822 in
803 766 904 844 patriam

168 848 280 905 remissis
306 847 403 924 reliqui
426 847 595 924 captivorum
617 844 712 903 mititis
737 847 903 904 haberentur.

170 947 282 987 morum
301 927 435 1004 utriusque
452 926 567 984 civitatis
586 925 762 983 memorabili
782 926 904 985 discrimi-

171 1026 223 1067 ne:
248 1030 333 1086 quum
352 1008 435 1065 altera
453 1027 503 1078 nec
522 1005 613 1084 iniqu?
634 1005 705 1078 laesa,
727 1027 782 1064 nee
804 1009 905 1084 impunc

170 1088 274 1160 laesura,
295 1091 434 1159 virtutem,
456 1108 538 1164 quam
559 1086 681 1145 venerari
704 1086 850 1160 debuerat,
869 1086 904 1144 di·

171 1171 210 1226 ris
224 1169 358 1248 suppliciis
375 1169 569 1238 exstingueret:
592 1167 672 1224 altera
687 1167 837 1241 justiflimae
851 1167 903 1225 vin·

172 1248 253 1306 dislae
268 1264 379 1326 poneret
393 1248 519 1318 modum,
540 1268 595 1305 non
609 1267 691 1324 quem
712 1247 844 1326 poscebat·
854 1247 904 1306 irri-

172 1344 242 1387 tatus
256 1329 345 1400 dolor,
365 1328 410 1386 sed
422 1348 504 1405 quem
519 1328 669 1386 reverentia
680 1327 866 1400 humanitatis,
883 1331 904 1384 sc

172 1409 272 1468 decora
284 1409 362 1467 elaris
374 1409 494 1485 imperiis
508 1409 659 1468 moderatio
674 1409 890 1467 commendabat.

366 1686 554 1745 Surrenti.
577 1684 613 1742 L.
626 1682 711 1744 XIX.
888 1761 891 1767 ,

173 1818 200 1878 Ῑ.
298 1815 420 1874 Roseslis
435 1817 469 1872 ab
480 1816 547 1873 u'rbe
561 1814 821 1886 Carthaginiensium
835 1815 898 1885 lega-

249 1892 252 1896 *
314 1896 358 1965 tis,
379 1895 500 1952 consules
518 1895 739 1954 senatusconsulto
759 1897 898 1954 exercituin

173 1977 201 2034 in
217 1975 333 2031 Siciliam
351 1975 492 2052 deportare
503 1976 574 2050 jutis,
596 1976 694 2053 cupide
708 1992 860 2053 potuerunt,
877 1978 897 2030 sc

172 2056 212 2114 irs
233 2056 260 2112 in
277 2055 364 2112 hostes
381 2054 482 2113 accensi
501 2056 537 2114 ob
552 2058 597 2115 M.
611 2058 762 2129 Regulum,
783 2063 808 2115 ἃ
823 2074 896 2114 aemu·

172 2138 273 2197 latione
287 2136 383 2214 speque
396 2157 430 2195 ex
446 2138 481 2194 L.
490 2139 599 2196 Metelli
612 2137 771 2215 proconsule
785 2137 894 2195 vidoria.

174 2219 238 2278 Nec
253 2219 326 2276 enim
337 2219 453 2275 confeeti
464 2220 567 2290 negotii
579 2218 795 2290 magnitudinem
808 2217 896 2275 damno

172 2299 278 2358 tantum
291 2299 513 2368 Carthaginiensis
527 2299 619 2376 populi
632 2292 896 2374 metiebantur,un
921 2361 924 2369 ,

173 2381 267 2438 emisso
286 2380 405 2436 exercitu
424 2394 551 2457 tantoque
568 2399 683 2437 numero
702 2379 895 2458 elephantorum

173 2461 209 2518 ad
226 2460 327 2536 reliqua
337 2460 409 2532 ¹belli
429 2460 513 2517 fassus
531 2460 592 2518 esset
607 2461 750 2532 infirmior,
772 2461 817 2533 sed
833 2452 914 2516 haud.

172 2539 263 2598 minsis
279 2559 323 2609 eo,
337 2537 548 2618 qudduprosperi
562 2561 625 2598 cum
636 2540 732 2598 belluis
746 2541 835 2616 pugni
845 2539 894 2596 Ro·

172 2621 247 2696 mani
262 2619 361 2691 milites
375 2622 496 2679 animum
515 2642 549 2680 ex
565 2623 655 2700 priore
670 2620 818 2680 formidine
831 2637 894 2679 reee-

173 2716 284 2781 perant:
308 2700 414 2777 spesque
430 2702 565 2760 incesserat
580 2702 650 2760 finiri
664 2701 766 2759 bellum
780 2695 896 2779 poiseus
917 2696 918 2701 '

171 2782 305 2847 occasioni
324 2782 473 2841 defuissent.
516 2784 603 2854 Igitur
625 2781 700 2840 classe
722 2784 834 2842 navium
853 2780 896 2838 du·

171 2882 310 2923 centorum
328 2863 419 2921 coacte
436 2863 556 2921 consules
575 2863 656 2922 ambo
674 2883 737 2920 cum
753 2861 897 2935 legionibus

169 2962 285 3019 quatuor
311 2942 475 3003 Panormom
499 2947 684 3022 appulerunt:
717 2944 898 3023 assumptisque

169 3022 285 3119 {dmon-
297 3024 444 3119 ibifopiit
460 3025 635 3115 mulitsque,
657 3037 759 3119 grater
779 3045 825 3097 eas
844 3039 898 3108 qua
