1956 3736
211 171 248 248 36
345 170 777 247 ·J.Fnsrnsrasu11

112 307 145 355 υ.
158 309 185 355 c·
209 300 250 358 bis
272 302 439 378 imperaturae
464 288 683 375 periculosissimis
706 296 875 374 temporibus
895 297 957 364 in-¹

123 386 184 433 47¹·
208 395 301 452 gentes
319 383 391 437 viros
412 379 571 447 reservasset,
589 397 623 434 ac
641 377 729 434 nescio
748 398 782 433 an
804 378 940 436 maximos

113 441 183 549 Aa?
207 462 341 530 omnium,
370 459 557 535 quiunquam
580 459 608 515 in
630 458 676 514 ista
698 457 806 515 civitate
827 458 938 528 fuerint,

172 531 182 553 ⁴
205 558 262 596 non
277 541 313 596 ita
327 537 428 595 divitiis
442 537 619 614 &splendore
637 537 752 607 generis,
773 536 857 612 quam
870 557 936 615 con-¹

203 631 309 696 temptu
323 635 424 694 opum,⁴
440 616 492 675 &l
506 618 604 675 virtute
618 615 731 673 nobiles.
775 617 848 673 Haec
863 618 937 675 enim

201 712 265 755 aetas
280 699 390 768 Curios,
409 697 557 767 Fabricios,
574 695 760 752 Coruncanios
774 696 854 754 tulit:
876 696 936 754 nul·

202 778 289 835 larum
307 778 456 848 imaginum
474 792 518 834 aut
537 775 695 832 facultatum
708 775 793 845 viros,
814 775 860 832 sed
877 792 936 832 am·

200 858 321 934 plissrmae
338 859 442 929 gloriae,
462 876 544 934 quam
558 855 690 912 rettiffimi
708 853 827 930 exempli
844 855 935 913 homi.

202 958 261 1009 nes,
287 937 392 995 summo
412 938 450 994 rei
471 936 592 993 militaris
612 934 670 1004 usu,
695 934 806 1010 parique
825 954 935 993 morum

201 1018 353 1076 innocentii
374 1029 554 1094 pepererunt:
578 1014 721 1090 utrobique
742 1013 865 1071 salutares
884 1035 933 1093 pa÷

200 1099 276 1168 trie,
302 1117 362 1174 quae
382 1097 508 1153 adversus
532 1115 624 1165 regem
648 1092 780 1149 ambobus
805 1108 935 1153 metuen-

200 1173 279 1248 dum,
304 1197 360 1233 non
379 1177 464 1245 magis
484 1194 552 1251 opus
571 1173 686 1230 habebat
706 1172 782 1243 viris,
808 1175 857 1249 qui
876 1175 933 1233 fer,

199 1276 261 1312 rum
274 1256 368 1313 hostile
383 1255 525 1315 retundere
539 1253 653 1331 pollent,
674 1249 756 1330 quim
770 1253 818 1330 qui
836 1272 933 1315 aurum

199 1349 382 1394 contemnere.

195 1446 206 1458 ·-
239 1415 357 1473 XXIII.
380 1415 514 1491 Pyrrhum
531 1415 633 1473 interea
645 1431 709 1472 uere
725 1430 782 1471 non
795 1414 932 1493 exspecte-

198 1505 229 1552 to
242 1494 366 1572 peditum
387 1495 443 1552 duo
463 1501 488 1552 δι
506 1495 602 1567 viginti
623 1494 718 1566 millia,
738 1495 788 1551 tria
807 1497 932 1572 equitum

196 1573 387 1647 adducentem,
403 1576 559 1653 elephantos
568 1589 696 1654 praeterea
710 1574 817 1646 viginti,
830 1580 856 1632 ἃ
866 1575 932 1637 suu.»

196 1654 317 1714 diturum
330 1657 576 1733 sagittariorumque
591 1655 728 1712 modicam
742 1673 866 1727 manum,
882 1675 928 1712 or,

196 1747 225 1792 ta
242 1735 271 1791 in
289 1736 381 1793 medio
401 1736 478 1793 cursu
497 1736 637 1812 tempestas
654 1735 690 1792 ita
706 1735 827 1809 jadiavit,
849 1748 881 1793 ut
893 1736 930 1794 ab

194 1827 319 1871 extremo
333 1814 454 1890 periculo
471 1814 615 1871 minimum
630 1813 737 1873 abesset.
772 1814 859 1873 Classe
874 1815 927 1876 disp

190 1893 273 1968 jetti,
294 1892 464 1968 pluribusque
479 1893 593 1964 navigiis
609 1894 721 1964 affiislis,
743 1913 829 1971 quum
847 1895 929 1954 etiam

193 1973 318 2048 praetoria
331 1972 406 2029 navis
421 1972 562 2044 laboraret,
584 1974 613 2030 in
630 1992 703 2032 mare
721 1974 747 2031 se
767 1973 845 2034 dedit
860 1976 928 2053 Pyr,-

190 2050 270 2123 rhus,
291 2057 316 2110 ἃ
331 2052 451 2111 maximo
463 2071 530 2110 cum
546 2053 637 2111 labore
651 2054 699 2110 vix
712 2053 822 2111 tandem
837 2069 927 2114 enata·

192 2132 244 2190 vit.
287 2133 417 2210 Corporis
437 2148 528 2192 tamen
546 2132 617 2192 male
636 2133 720 2190 habiti
738 2135 928 2204 aegritudiuem

192 2211 277 2270 animi
300 2215 383 2272 robur
403 2209 565 2285 sublevabat,
585 2219 611 2271 ἃ
631 2232 695 2270 cura
717 2214 925 2292 Messapiorum,

190 2293 240 2368 qui
253 2291 330 2352 suum
347 2295 375 2351 in
390 2293 464 2352 littus
482 2295 598 2369 eiedtum
618 2293 694 2352 omni
712 2293 864 2354 studiorum
879 2296 924 2354 of·

189 2371 369 2450 liciorumque
383 2376 511 2431 comitate
528 2373 678 2432 coluerunt.
707 2374 880 2434 Eorumdem
893 2395 925 2434 o·

189 2451 253 2526 perd
264 2452 376 2510 navibus
387 2451 555 2530 quibusdam,
576 2473 637 2530 quae
649 2453 776 2531 procellae
788 2456 847 2515 vim
859 2473 922 2514 evu-

188 2530 284 2600 serant,
305 2531 438 2602 addudis‚
459 2533 538 2607 pauci
553 2534 657 2610 equites
671 2553 735 2591 cum
749 2533 858 2594 duobus
869 2535 924 2594 ele-

187 2609 305 2686 phantis,
327 2615 353 2668 dc
366 2611 456 2668 minus
470 2611 576 2670 duobus
592 2613 711 2672 millibus
724 2613 851 2691 peditum
866 2614 922 2674 eol-

187 2689 261 2763 letti.
294 2691 368 2749 Cum
381 2690 431 2750 hac
446 2712 527 2750 manu
543 2693 695 2752 Tarentum
709 2695 848 2771 proceffit:
871 2696 922 2754 ob·

185 2768 259 2829 vilm
273 2771 374 2843 egresso
393 2792 457 2831 cum
474 2773 605 2832 militibus
620 2775 683 2844 suis,
704 2794 853 2856 regemque
863 2776 922 2838 ,de-

186 2849 302 2910 ducente
324 2853 418 2912 Cined.
461 2853 573 2925 Magnis
594 2853 809 2914 Tarentinorum
829 2869 920 2928 gratu?

185 2927 328 2989 lotionibus
352 2947 495 3010 exceptus,
521 2953 621 3011 paucos
644 2931 702 2990 dies
723 2937 810 3012 quieti
834 2936 919 2996 dedit.

185 3025 241 3087 quo
257 3008 341 3090 spatio
355 3032 441 3091 quum
455 3013 570 3076 civitatis
588 3032 679 3074 mores
694 3015 732 3074 ita
750 3029 918 3097 computatos
