1956 3736
188 136 373 198 Surrrsu.
397 134 430 194 L.
444 135 529 194 XVI.
552 133 714 198 Lrvruu.
760 155 814 218 ¹45

79 262 159 342 cipit.
189 264 296 342 Appius
310 264 414 341 spoliari
428 263 589 342 corporibus
603 261 720 323 hostium
731 263 854 340 juflisrr,
866 286 893 332 c„
918 272 921 278 '

80 345 234 404 Messanam
253 346 344 417 intrat,
366 345 596 424 Mamertinosque
614 344 892 422 praesentiantur.

79 446 116 485 ex
131 426 234 485 timore
247 445 347 497 magno
361 440 492 485 recreatos
506 424 559 502 spei
573 425 694 485 melioris
709 425 816 503 implet.
825 418 852 460 A.
866 416 895 461 ⁰·
917 430 920 438 '

80 506 173 567 Hiero
188 506 291 564 vietum
311 506 336 563 se
355 506 450 564 videns
471 506 624 584 priusquam
641 505 748 566 vidisset
764 507 816 564 ho·
834 477 892 540 ²⁶4·

78 587 159 659 stem,
188 585 269 659 (sicut
289 586 344 665 ipse
364 587 453 664 postea
471 585 604 645 consessus
625 587 677 660 est)
699 587 818 667 fretique

79 663 250 727 multumt
265 667 528 738 Carthaginiensibus
546 667 686 746 proditum
703 667 816 746 suspica-

57 781 59 785 *
79 763 135 820 tur,
151 767 238 826 quum
247 747 376 820 embigui
389 762 480 807 mente
493 747 578 807 multa
590 748 682 808 secum
693 746 817 822 agitaret)

78 828 117 889 de
138 827 244 886 summa
267 848 359 889 rerum
381 830 468 888 vereri
494 829 601 906 coepit:
630 831 818 909 ptoxImaeque

78 909 169 971 nostis
185 907 289 969 silentio
307 910 398 988 copias
417 910 511 969 eduxit
527 909 627 983 castris,
647 914 827 971 &contento

78 991 177 1057 itinere
192 990 331 1068 Syracusas
345 991 455 1064 refugit.

120 1071 265 1131 XXXVI.
287 1072 330 1132 Eo
346 1072 472 1131 submoto
486 1071 605 1150 Appius,
625 1092 713 1153 quum
726 1085 816 1132 terro-

79 1172 111 1221 re
123 1152 245 1212 victoria
258 1153 373 1213 recentis
387 1153 422 1211 sd
437 1153 536 1212 Poenos
554 1175 664 1234 quoque
676 1153 816 1214 debellan-

80 1232 134 1293 dos
152 1234 192 1291 uti
207 1232 299 1308 vellet,
320 1230 451 1294 militibus
470 1250 501 1294 ut
520 1234 613 1295 cibum
631 1236 750 1314 tempori
768 1253 837 1294 ca-··

79 1312 158 1394 piant
176 1313 300 1392 imperat.
325 1315 425 1373 deinde
443 1315 590 1376 albescente
606 1318 664 1394 jam
683 1315 728 1376 die
749 1337 823 1395 pro-·

78 1395 194 1470 gressus,
208 1395 289 1455 castra
301 1396 449 1456 Poenorum
460 1416 616 1475 oppugnare
627 1397 749 1458 instituit.
765 1397 816 1467 ‚E-

78 1491 140 1537 suut
153 1475 214 1535 haec
228 1475 291 1536 loco
306 1478 364 1537 satis
380 1491 441 1536 tuto
457 1477 552 1557 posita,
572 1483 598 1536 δι
612 1477 705 1538 naturs
719 1498 815 1537 manu-

98 1574 134 1617 tre
149 1556 294 1631 diligenter
307 1558 472 1638 permunita.
493 1558 656 1630 hincmare,
671 1558 736 1616 inde
749 1578 824 1635 prot

129 1637 173 1697 dre
187 1638 311 1718 paludes,
322 1641 351 1697 in
364 1638 509 1716 peninsulae
522 1639 608 1697 ferme
621 1638 748 1715 speciem,
757 1658 817 1697 am·

59 1719 185 1779 ,bibent
213 1718 284 1778 inter
303 1719 350 1779 has
374 1719 515 1792 angustum
534 1718 660 1798 spatium,
682 1738 738 1796 quo
761 1739 817 1778 uno

80 1798 150 1859 odiri
169 1814 285 1878 poterat,
305 1801 403 1859 dusius
422 1800 565 1859 adversum
585 1801 736 1879 irrupturos
755 1821 817 1859 nru-

79 1900 128 1942 rus
142 1880 307 1959 obsepiebat.
348 1880 408 1940 Hic
423 1881 470 1938 ubi
486 1879 543 1940 vim
561 1881 682 1940 fecissent
697 1881 822 1940 Romani

80 1960 198 2033 milites,
223 1981 312 2038 neque
331 1961 467 2020 locorum·
480 1961 557 2021 fimul
580 1963 765 2041 iniquitatem,
791 1969 818 2022 δι

80 2041 816 2198 ffittltrtmttlttttrlttpttstr’

80 2223 116 2262 rre
136 2201 213 2275 solet,
233 2222 292 2262 rem
313 2202 467 2275 gerentibus
487 2203 590 2273 Poenis,
610 2202 686 2260 irrito
707 2202 817 2279 incepto

81 2283 205 2343 desistere
218 2283 306 2343 euasti
320 2283 488 2342 recesserunt.
525 2283 602 2360 Saepe
616 2282 645 2340 in
658 2281 736 2339 bellis
755 2301 815 2341 me·

80 2365 145 2425 liori
166 2364 283 2423 sortunae
308 2363 401 2422 locum
422 2363 477 2421 sors
498 2362 637 2421 durior&
658 2361 761 2420 adverti
782 2361 817 2423 ab

82 2445 163 2506 initio
176 2445 248 2503 casus
264 2443 369 2503 fecere:
392 2443 460 2502 dum
477 2444 520 2502 his
534 2443 633 2515 affetu,
654 2442 769 2502 consiliis
786 2463 816 2500 a·

81 2523 215 2603 nimisque
228 2524 375 2601 majoribus
394 2540 535 2601 acceptum
554 2523 748 2584 detrimentum
763 2524 816 2583 sar-

81 2607 140 2666 cire
159 2605 282 2674 student3
310 2605 397 2663 hostes
417 2605 550 2665 felicitatis
570 2606 699 2682 opinione
719 2605 816 2663 blandai

81 2686 218 2759 fascinati,
243 2705 333 2766 neque
352 2685 411 2744 satis
431 2685 574 2744 adversum
595 2686 705 2746 fortuita
725 2684 819 2762 provi-

81 2766 189 2840 dentes,
210 2768 239 2825 in
254 2767 430 2826 temeritatem
446 2764 611 2825 auferuntur.

123 2848 287 2908 XXXVII.
310 2846 395 2925 Qod
409 2846 456 2903 illo
475 2860 598 2921 tempore
612 2842 819 2914 Carthaginien·
943 2852 947 2857 '

82 2927 157 2989 filius
173 2926 221 2984 usu
233 2927 326 2986 venir:
348 2928 395 3005 qui
414 2923 537 3003 repulisse
553 2925 656 2982 hollem
675 2944 731 2981 non
751 2944 819 2982 con·
926 2951 935 2959 ·

84 3006 170 3079 tenti,
192 3022 322 3091 tanquam
341 3006 654 3148 fugientemNeruptioue
676 3025 711 3068 ex
732 3005 819 3068 castris
945 3033 949 3040 ⁴
