1956 3736
215 175 252 221 η
336 154 830 238 -·J.F1ia‘1us‘uaur'1“

118 302 192 350 uc,
213 289 344 349 excedens
365 289 462 358 fidem,
488 287 536 344 nisi
558 285 633 363 qudd
654 285 740 345 videri
767 287 852 362 potest
874 288 944 346 inter

127 368 187 427 4⁶¹·
213 387 305 444 gentes
329 368 489 437 indomitas,
517 370 659 424 communi
683 367 810 424 adversis
836 369 944 444 Apulos

118 435 148 479 A.
161 435 188 480 c·
214 449 388 527 Lucanosque
404 447 538 525 praesrdio,
558 448 685 505 collocari
700 447 817 504 validam
831 467 945 506 manum

132 508 188 557 ψ’
210 529 344 608 placuilie.

214 630 219 642 ·
248 611 306 667 XV
310 609 369 667 III.
393 604 523 667 Ceterium
540 606 729 683 importunitas
749 607 785 665 L.
801 606 942 680 Postumii,

203 687 440 766 quemadmodum
455 687 503 765 ipsr
514 688 589 762 supra
601 700 704 742 veteres
720 686 831 744 offensas
845 688 949 757 iugem.

206 783 263 826 tem
282 768 409 827 conflavit
431 766 571 836 invidiam,
593 767 629 822 ita
648 766 787 841 QFabio
805 766 841 823 ad
860 766 942 824 favo·

205 867 265 906 rem
286 850 410 906 omnium
431 847 511 905 valde
532 846 654 924 profuit:
681 846 774 922 eique,
799 846 942 924 postquam

205 929 241 985 ad
260 929 356 987 urbem
374 929 459 998 venit,
480 928 567 1003 deque
587 926 667 983 rebus
684 923 698 980 i
717 925 742 982 se
754 926 841 996 lgestis
860 925 940 984 diffe-

109 1024 116 1033 ”
205 1010 270 1081 ruit,
282 1009 435 1086 triumphus
448 1006 520 1065 haud
532 1025 602 1077 aegre
614 1006 737 1063 decretus
752 1006 805 1064 est:
821 1006 941 1064 Trium.

207 1090 301 1166 phavit
315 1088 471 1166 proconsule
481 1087 516 1144 de
527 1085 690 1142 Samnitibus
702 1086 749 1161 qui
761 1086 859 1142 Pentri
871 1105 941 1158 cog·

205 1171 387 1239 nominantur,
414 1166 543 1223 Kalendis
566 1164 720 1224 Sextilibus.
764 1165 885 1225 Currum
907 1186 939 1224 e·

204 1269 260 1325 quo
279 1246 403 1325 sequutus
423 1247 460 1304 est
476 1246 556 1303 senex
570 1245 686 1303 Fabius:
709 1264 791 1322 quem
812 1264 870 1304 non
887 1246 940 1305 ad·

199 1329 321 1402 jutorem
339 1328 425 1397 magis
444 1326 581 1398 vidioriae‚
602 1322 685 1402 quim
703 1325 860 1397 auctorem·
869 1327 949 1405 spe

203 1408 333 1465 {bantium
347 1406 593 1483 deducentiumque
604 1424 685 1462 voces
698 1405 880 1466 celebrabant·
906 1408 938 1466 1-

202 1487 248 1565 pse
257 1488 389 1545 summam
401 1488 440 1545 rei
452 1487 520 1545 benc
535 1486 613 1558 gestae
626 1484 741 1556 gloriam
753 1485 786 1543 ad
797 1486 938 1548 consulem

159 1590 163 1604 ·
201 1567 296 1645 populi
310 1568 429 1625 Romani
442 1568 559 1638 trahens,
578 1565 653 1624 licuti
666 1566 777 1624 nomine
791 1567 884 1640 legati,
899 1568 939 1628 fic

202 1648 284 1707 etiam
299 1647 428 1706 modestii
443 1649 565 1706 utebatur
573 1670 582 1714 ;
603 1644 678 1703 haud
688 1645 788 1704 minori
802 1667 867 1706 curn
882 1669 935 1706 vo-

201 1729 303 1805 luptate
321 1729 438 1785 honores
455 1728 503 1785 filii
520 1728 642 1796 intuitus,
663 1723 745 1802 quim
764 1747 829 1785 cum
843 1728 936 1788 adhuc

199 1807 342 1883 parvulum
355 1807 384 1863 in
399 1827 478 1864 curru
492 1806 537 1864 suo
548 1806 758 1878 circumtulerat,
779 1828 866 1885 quum
879 1810 936 1888 ipse

198 1887 387 1961 triumpharet.
423 1886 552 1942 Ceterim
567 1886 667 1962 praedae
681 1901 786 1964 partem
799 1888 934 1948 militibus

197 1964 289 2022 consul
301 1963 391 2022 dedit:
406 1965 508 2042 reliqua
520 1966 550 2022 in
563 1967 686 2024 aerarium
698 1968 789 2027 relata.
813 1968 849 2027 C.
857 1970 930 2028 Pon·

197 2046 251 2104 tius
272 2045 377 2102 Samnis
401 2045 430 2103 in
454 2045 592 2123 triumpho
615 2047 726 2119 dubius,
755 2066 822 2107 mox
846 2049 932 2108 securi

196 2125 333 2205 perculsus
350 2127 406 2185 est:
428 2126 470 2184 vir
482 2147 543 2185 acer
556 2127 788 2199 &memor-abilis,
809 2130 859 2207 qui
871 2132 930 2188 vim

197 2208 352 2265 Romanam
371 2207 404 2264 iis
423 2209 589 2286 temporibus
609 2207 657 2266 diu
677 2207 806 2280 sustinuit,
828 2207 929 2269 clades-

196 2307 251 2365 que
269 2307 326 2345 non
340 2288 561 2360 contenmendaa,
580 2287 626 2347 sed
642 2289 821 2359 ignominiam
839 2291 930 2350 multo

194 2368 343 2425 maximam
360 2368 395 2424 ad
414 2369 550 2427 Caudinas
567 2369 695 2427 Furculas
714 2369 822 2427 intulit:
844 2387 940 2449 quem·

194 2447 269 2503 aiunt
281 2447 371 2503 dicere
383 2447 501 2519 solitum,
513 2450 544 2505 Si
554 2452 583 2507 in
597 2467 628 2506 ea
637 2460 751 2524 tempora
764 2462 844 2508 natus
855 2452 927 2527 ffb

194 2526 285 2600 quibus
298 2544 406 2582 munera
419 2532 535 2602 accipere
547 2529 657 2586 Romani
673 2529 828 2603 didiciffent,
841 2532 875 2606 se
889 2532 927 2588 il-

193 2606 231 2663 los
244 2605 342 2661 diutius
353 2608 482 2681 imperare
495 2625 545 2664 non
550 2609 635 2683 suiffl
643 2610 785 2684 pafflerum.
807 2610 852 2668 Ita
865 2624 926 2671 tum

192 2686 301 2744 fortuna
320 2685 435 2744 civitatis
453 2707 510 2745 non
525 2708 665 2747 armorum
682 2690 769 2763 magis
785 2689 923 2765 industrii,

191 2765 275 2845 quim
287 2767 440 2826 innocentii
453 2788 561 2827 morum
576 2770 655 2828 stetit.

232 2848 316 2907 XIX.
340 2849 375 2909 L.
385 2849 535 2907 Postumius
549 2850 649 2908 interea
660 2867 717 2906 non
730 2851 821 2911 minis
833 2851 922 2913 hono·

191 2923 266 2982 ribus
285 2928 332 3003 qui
349 2929 449 2986 aemulo
465 2930 587 3000 concelli,
608 2947 690 3005 quam
708 2932 756 3008 qui
768 2931 819 2991 fibi
832 2930 919 3004 negati

190 2999 306 3078 fuerant,
326 3007 456 3082 fremens,
466 3028 525 3087 ,per
538 3008 726 3090 impotentiam
740 3013 837 3091 aniani,
856 3028 919 3077 cum
