1956 3736
167 181 204 224 ιι
318 165 344 239 J.
372 152 737 221 ¹Frtsrusnrrrrr

74 301 144 350 ue.
165 304 219 350 tur.
254 290 353 349 Consul
371 289 445 347 nullo
465 288 528 347 dato
548 290 625 347 vidis
644 289 727 366 spatio
748 289 833 349 exurit

83 366 141 424 4⁶9·
165 392 222 442 cos,
238 370 348 428 aedificia
359 370 450 427 omnia
461 369 554 441 diruit,
567 371 647 428 vastat
658 389 752 439 agrum
766 389 833 428 omn

75 431 142 538 ἧς·
165 451 281 528 denique
299 449 445 527 puberibus
464 451 566 520 occisis,
587 450 690 506 imbelli
707 449 833 516 muliertu

84 507 99 542 ²
119 508 140 557 3⁸
152 550 309 608 puerorum
327 529 500 588 multitudine
522 531 645 600 abducre,
669 528 751 606 quim
773 550 833 607 pauc

164 631 209 668 ma
224 611 310 687 potest
326 611 437 669 humani
454 611 541 668 cultris
555 611 663 680 vestigia
677 611 711 667 iis
725 610 755 666 in
768 609 833 667 locis

164 691 271 768 linquit.
306 691 462 748 Britomaris
475 705 579 767 captus,
598 696 623 747 δι
636 691 710 747 vario
725 691 833 748 cruciats

163 791 261 841 genere
275 785 372 841 tortus,
386 771 422 828 ad
432 771 600 847 triumphum
614 771 739 827 servatur.
774 770 826 827 Per

164 850 229 909 dem
251 851 308 910 dies
328 851 535 928 haudquaquam
557 850 613 926 pari
635 850 742 906 fortuna
761 870 804 907 res
822 870 833 906 a

166 932 306 990 Arretium
332 932 419 1002 gestae.
460 935 497 992 L.
517 931 642 988 Caecilius
666 943 766 1005 praetor
788 945 833 987 ant

166 1013 243 1090 psum
263 1012 396 1091 oppidum
412 1033 475 1070 curn
494 1011 643 1069 Senonibus
659 1009 828 1087 Etruscisque

166 1094 241 1151 verso
255 1093 345 1150 Marte
358 1092 488 1150 conflixit.
525 1093 635 1168 Septem
649 1090 750 1146 tribuni
764 1090 833 1148 milit

166 1174 298 1249 multique
312 1186 439 1248 praeterea
452 1171 566 1241 insignes
581 1171 631 1227 viri
646 1189 708 1226 curn
724 1169 780 1245 ipso
793 1190 833 1246 pn

166 1272 196 1308 re
209 1252 269 1308 caeli
282 1252 358 1309 sunt:
380 1271 414 1308 ex
427 1250 578 1320 legionibus
592 1256 617 1306 δι
631 1250 736 1307 auxiliis
749 1249 833 1308 homir

165 1330 250 1388 millia
264 1330 326 1407 plus
339 1332 428 1387 minus
442 1329 571 1387 tredecim
587 1329 741 1388 defiderata.

206 1410 267 1468 111.
289 1408 343 1467 Sed
362 1410 452 1466 minor
469 1409 541 1485 apud
561 1410 658 1466 Gallos
676 1409 757 1484 hujus
774 1409 833 1467 vl&

164 1489 266 1560 laetitia,
287 1487 369 1565 quim
387 1490 496 1560 cognito
515 1491 607 1566 patriae
624 1488 731 1546 excidio
750 1488 833 1548 iustus

165 1589 219 1646 que
230 1569 405 1627 consternatio
419 1571 479 1628 suit.
511 1570 661 1626 ContraElis
673 1568 721 1644 qui
734 1569 833 1646 ubique

165 1649 301 1708 Etruriam
314 1649 462 1708 militabant
474 1649 656 1725 popularibus,
667 1648 794 1706 homines
805 1650 833 1718 in

164 1729 266 1787 doloris
284 1731 367 1810 pleni,
388 1730 490 1787 consilii
506 1730 613 1806 speique
629 1729 735 1804 inopes,
757 1748 833 1805 quun

165 1808 225 1878 des,
246 1810 345 1887 quibus
362 1811 552 1885 reciperentur,
577 1809 662 1865 nullas
680 1809 792 1884 usquam
811 1809 833 1866 ht

164 1902 234 1955 rent,
256 1888 328 1962 quast
344 1888 400 1944 fato
414 1888 538 1962 quodam
548 1888 582 1944 ad
597 1890 710 1945 exitium
724 1909 772 1945 eos
790 1889 833 1946 trel

164 1979 204 2035 te,
226 1967 345 2022 Romam
359 1966 489 2042 pergendi
502 1968 611 2043 capiunt
625 1969 777 2045 impeturn:
800 1988 833 2026 nu.

164 2045 229 2101 liter
237 2048 341 2120 patrie
346 2047 408 2119 suae
421 2048 592 2122 vastatoribus
606 2048 710 2123 rependi
724 2052 807 2105 vicem
817 2062 833 2125 p

165 2123 243 2201 qubus
253 2125 281 2201 fi
298 2127 385 2183 urbem
404 2128 514 2201 ipserum
524 2128 609 2204 ſsmili
628 2128 698 2185 clude
715 2129 833 2200 affictam

164 2210 236 2263 tueri
254 2220 412 2280 cogerentur.
447 2207 536 2282 Neque
554 2209 693 2265 mineribus
711 2213 807 2266 animis
825 2231 833 2267 ι

165 2287 268 2362 busque,
296 2287 376 2363 caufis
396 2291 474 2345 etium
496 2290 638 2345 acrioribus
659 2291 691 2344 ab
710 2291 822 2347 Arretio

165 2387 233 2422 mam
246 2380 345 2440 petere,
366 2367 443 2441 qudm
460 2371 567 2444 mess'ures
578 2371 625 2443 sui
640 2370 672 2425 ab
689 2369 833 2446 ejusdemE

167 2450 220 2501 riae
239 2448 324 2519 oppidu
342 2447 425 2520 Clufie
443 2449 565 2520 prefecti,
587 2449 696 2508 eamdem
715 2451 789 2505 illam
808 2470 833 2509 ιιι

166 2525 329 2596 eccupuffent.
352 2526 406 2582 His
418 2527 487 2583 inter
499 2528 524 2583 se
534 2530 647 2586 vocibus
659 2529 784 2598 initium,
798 2546 833 2588 ru*

164 2603 257 2662 naturi
278 2605 447 2679 impatientes
469 2626 563 2677 morae,
584 2614 610 2665 sc
632 2624 700 2679 turn,
722 2622 753 2664 ut
773 2613 833 2668 inca

164 2683 251 2742 hostes
266 2685 458 2760 opprimerent,
475 2688 556 2744 ctiam
567 2688 677 2745 consilio
691 2690 812 2765 properi.

165 2785 213 2843 per
227 2764 349 2822 hostilem
363 2768 501 2836 regionem
516 2767 675 2824 ducentibus
689 2771 761 2826 varia
776 2771 833 2849 imp

165 2859 256 2902 menta
274 2845 378 2921 objecta
395 2847 470 2904 sunt:
491 2847 656 2925 spatiumque
671 2848 732 2919 fuit,
755 2871 812 2928 quo

166 2925 252 2996 videri
266 2925 391 2983 adversius
404 2927 476 2982 hunc
491 2928 637 2984 tumultum
651 2928 745 3002 posset.
831 2920 833 2928 ¹

208 3003 266 3062 IV.
294 3006 337 3069 Ita
357 3006 462 3081 rejeeli‚
488 3007 556 3065 dum
576 3023 624 3084 pet
644 3005 740 3078 ignora'
757 3015 783 3068 δε
803 3013 833 3071 in
