1956 3736
162 133 201 175 20
315 112 734 192 J.Fnsrnannrarr

69 267 139 316 uc.
162 243 321 305 Consulatus
336 242 371 300 C.
387 239 495 298 Claudii
508 239 630 311 Caninae,
652 239 698 298 M.
710 239 820 298 AErnilii
835 241 892 301 Le·

79 331 137 390 467·
163 327 221 405 pidi
239 323 310 383 nulli
327 343 356 380 re
374 319 554 391 memorabili,
577 340 639 398 quae
659 319 756 378 tradita
774 323 894 399 reperia-

70 399 99 443 A.
110 399 138 444 0·
164 423 217 478 tur,
238 404 345 476 inlignis
359 402 493 479 {equitum
514 399 564 458 nisi
577 397 653 478 qudd
667 400 777 459 Etrusca
790 407 817 460 lc
832 404 894 461 Lu·

80 461 138 521 ²⁸5⁶
161 507 227 547 cana
241 485 310 544 bella
323 498 382 540 tum
396 482 477 540 etiam
496 481 566 553 gesta
578 480 715 540 videntur.
751 483 843 540 Manli
861 504 892 542 e-

161 569 227 628 tiam
242 565 320 623 Curii
333 563 368 621 de
384 563 502 620 Lucanis
516 562 648 638 reperitur
661 563 770 620 ovatio:
792 583 854 639 quae
867 569 894 624 δι

161 647 232 707 inter
243 659 357 723 quatuor
370 644 427 720 ejus
439 643 602 718 triumphos,
617 642 697 700 toties
710 643 785 700 enim
796 643 895 702 trium-

161 726 251 806 phalle
265 725 342 783 illum
361 723 480 794 invenio,
501 722 666 780 numeranda
684 723 732 782 eli.
766 722 821 780 Sed
839 744 899 801 quo

161 827 244 878 ann0,
265 825 355 884 quove
370 805 399 862 in
413 803 564 875 magistratu
582 817 628 860 aut
645 803 771 880 imperio,
793 823 896 864 reseas

160 887 277 962 gellerit,
298 887 445 958 ignoratur.

205 968 298 1027 XXX.
321 967 414 1042 Major
434 963 497 1023 inde
516 962 602 1020 moles
619 961 734 1020 &clade
753 982 810 1021 non
829 982 896 1020 con-

164 1048 309 1109 temnendi
322 1046 420 1104 nobilis
437 1057 530 1103 exorta
546 1043 593 1113 cll,
614 1042 685 1099 bello
700 1063 765 1101 cum
780 1046 897 1102 Senoni-

165 1131 227 1202 bus,
246 1127 352 1186 Gallicai
366 1139 456 1196 gente,
476 1123 624 1182 contrado.
657 1123 698 1180 Hi
713 1122 781 1200 laepe
795 1123 899 1182 bellum

166 1230 232 1269 cum
249 1207 352 1286 populo
371 1207 508 1274 Romano,
528 1203 597 1279 saepe
616 1222 712 1280 pacem
731 1203 897 1270 habuerant3

163 1292 275 1366 jamque
293 1286 431 1343 decimum
446 1284 532 1341 ferme
549 1304 650 1341 annum
668 1282 727 1359 post
744 1282 852 1340 cladem
869 1284 901 1340 in

132 1377 136 1381 “
167 1387 232 1439 agro
248 1366 377 1423 Sentinati
393 1379 542 1440 acceptam,
563 1383 650 1439 quum
665 1363 755 1421 Decio
772 1363 797 1421 se
812 1363 899 1420 devo-

167 1462 248 1506 vente
266 1465 379 1516 magnus
396 1463 490 1503 eorum
508 1464 637 1501 numerus
652 1442 734 1501 cael'us
753 1443 800 1515 elt,
821 1444 898 1520 quie-

167 1541 282 1595 verant;
309 1525 358 1584 nist
381 1523 456 1603 quaid
478 1527 649 1599 juventutem
672 1523 745 1580 suam
770 1523 899 1581 adversita

169 1609 310 1667 Romanos
324 1604 450 1664 mercede
464 1606 497 1662 ab
512 1603 628 1662 Etruscis
643 1603 761 1661 conduci
777 1619 899 1681 pateren

168 1703 222 1748 tur.
249 1704 309 1745 tum
323 1684 389 1745 verd
405 1687 506 1762 majore
524 1704 588 1742 cum
605 1704 687 1741 manu
701 1682 783 1760 quaim
798 1683 901 1760 aliquot

169 1769 204 1827 ab
216 1770 291 1826 annis
304 1766 453 1836 suevilient‚
473 1767 502 1822 in
514 1764 649 1823 Etruriam
663 1764 801 1840 progreffi,
817 1766 900 1825 Arre-

169 1849 239 1904 tium
257 1845 421 1904 obfidebanr,
455 1844 576 1902 Arretini
594 1843 684 1902 foedus
698 1844 713 1902 ὶ
728 1845 900 1903 Romanis&

169 1939 246 1983 antea
267 1925 414 2000 petierant:
439 1923 484 1980 sed
504 1942 539 1981 eo
559 1940 668 1996 negato,
692 1924 899 2001 impetraverant

169 2004 300 2074 inducias,
315 2022 428 2081 quarum
443 2018 551 2080 tempus
564 2004 686 2062 nondum
700 2005 811 2063 exierat.
846 2007 899 2062 Ce-

169 2084 258 2144 terirm
270 2085 355 2159 major
367 2083 396 2140 in
408 2103 441 2141 eo
455 2084 512 2160 spes
525 2098 580 2142 crat
591 2085 697 2142 venturi
709 2085 813 2157 auxilii,
826 2079 900 2162 qudd

170 2185 245 2225 arma
267 2164 374 2221 Gallica
393 2184 532 2241 nunquam
553 2166 663 2222 concuti
683 2163 811 2236 sciebant,
836 2165 902 2242 quin

170 2266 231 2305 eam
244 2266 303 2303 rem
315 2264 478 2322 magnopere
492 2244 527 2302 ad
540 2243 566 2300 se
578 2245 710 2322 pertinere
723 2245 845 2303 Romani
859 2264 900 2301 ar-

171 2327 339 2385 bitrarentur.
374 2325 469 2401 ltaque
488 2323 567 2383 millis
585 2326 614 2381 in
634 2323 728 2383 urbem
747 2325 852 2396 legatis,
873 2339 902 2382 nt

171 2405 220 2464 fibi
241 2405 422 2463 subveniretur
442 2404 567 2463 adversis
586 2425 762 2463 communem
784 2406 899 2475 hostem,
920 2477 922 2481 ,

79 2501 113 2547 U.
122 2502 150 2546 e.
171 2485 306 2561 petebant.
350 2485 456 2542 Interea
468 2484 494 2541 se
507 2485 666 2555 circumegit
678 2505 773 2557 annus,
795 2506 852 2562 quo
865 2485 899 2543 C.

89 2563 147 2620 4⁶⁸·
174 2564 300 2621 Servilius
317 2563 423 2635 Tucca,
446 2564 481 2622 L.
496 2564 622 2622 Caecilius
637 2565 766 2623 Metellus
783 2566 901 2624 consuler

80 2629 109 2673 Δ·
120 2628 148 2674 ⁰·
172 2643 289 2703 fuerunt.
329 2644 381 2700 Pro
399 2644 511 2702 Caecilio
528 2645 647 2703 Coelium
666 2646 773 2704 annales
792 2645 901 2723 quidam

90 2691 149 2753 ²⁸4'
173 2737 334 2784 memorant.
374 2725 427 2781 Sed
443 2725 538 2783 Coeliae
555 2727 641 2797 gentis
656 2722 767 2783 inferior
780 2727 902 2790 nobilitas

173 2821 234 2864 ante
247 2826 347 2864 annum
359 2802 392 2863 ab
403 2806 468 2864 urbe
481 2805 589 2865 condita
600 2804 821 2864 sexcentesimum
833 2806 900 2864 sexa·

171 2887 315 3024 gesdlnnum,
334 2887 498 2951 consularem
512 2886 659 2963 imaginem
671 2885 775 2948 nullam
786 2883 900 2981 habuills

169 2983 215 3026 cre
245 2980 297 3028 tur.
888 3020 891 3025 .
