1956 3736
203 162 243 224 74
342 145 778 224 incursurum

107 296 142 343 tr.
154 301 181 345 c.
201 299 335 358 numque
354 278 443 336 denuo
465 277 547 349 misit,
568 277 603 335 ad
624 296 720 354 pacem
741 278 939 340 &amicitiam

119 375 177 421 474·
202 357 407 437 impetrandam.
441 357 562 416 Minime
576 357 707 416 decorum
722 359 807 417 visum
823 361 872 432 cst,
891 362 938 420 vel

107 428 174 473 Μ·
201 440 304 498 donum
326 437 360 495 ab
379 437 454 494 hoste
474 439 610 514 accipere,
635 438 679 495 vel
699 439 736 496 ob
756 439 864 499 lucrum
884 462 937 518 po·

117 487 174 550 ²7⁸¹
199 519 262 590 titis,
283 515 365 595 quim
381 536 475 575 amore
488 518 595 575 virtutis
608 516 624 574 ai
638 516 758 576 facinore
772 519 937 579 abhorruisse

197 598 297 656 videri.
338 597 433 656 Gratis
454 596 537 668 igitur
560 616 596 654 ne
617 598 802 674 acciperentur
823 601 935 676 captivi,

198 677 314 737 totidem
333 697 383 754 pro
402 676 445 734 hia
462 677 508 734 alii
522 676 735 736 Tarentinorum
756 679 938 738 Samnitium*

196 777 251 835 que
266 757 333 816 miffi
347 758 413 815 sunt.

245 837 361 907 XLVI,
391 837 473 896 Hanc
495 836 632 914 publicam
655 835 842 896 abstinentiam
867 858 931 911 cun·

198 917 328 995 spectiore
348 935 414 976 mox
428 917 499 975 fama
513 917 679 992 privatorum
694 917 732 975 est
744 917 855 994 sequuta
872 939 932 991 gra-

199 999 290 1066 vitas;
318 1018 404 1076 quum
427 996 523 1074 Pyrrhi
547 1015 660 1054 munera
686 996 791 1069 (muita
811 999 932 1057 mim&

141 1126 146 1135 ,
197 1078 312 1156 pretiosa
332 1078 439 1154 utrique
460 1076 534 1134 sexui
555 1075 654 1134 Cineas
673 1076 815 1149 attulerat)
842 1075 932 1136 noni

198 1159 265 1216 viris
279 1155 364 1216 mod&
379 1156 517 1226 omnibus,
537 1155 582 1214 sed
595 1156 678 1216 etiam
688 1153 704 1214 a
716 1155 877 1216 mulieribus
891 1177 931 1216 re·

200 1238 311 1314 pudiata
330 1238 399 1295 sunt.
424 1255 480 1312 quo
499 1235 613 1313 quidem
632 1250 766 1312 tempore,
787 1256 877 1316 quum
895 1237 931 1296 as·

196 1316 371 1393 ,pernantibus
393 1314 491 1393 quibus
511 1314 631 1392 ptimstm
652 1315 741 1374 oblata
761 1315 881 1390 fuerant,
900 1316 932 1376 ad

198 1397 266 1453 alios
287 1394 403 1472 aliosque
423 1394 608 1463 deferrentur3
633 1415 715 1453 nemo
738 1395 779 1455 vir
799 1397 934 1456 mulierve

194 1491 256 1538 tam
269 1490 315 1535 aut
334 1474 432 1548 tenuia,
453 1490 499 1533 aut
510 1474 631 1552 ,cupidus
647 1475 762 1535 inveniri
781 1479 884 1554 potuit,
904 1490 932 1535 ut

196 1555 358 1634 recipiendia
375 1555 457 1630 regiis
474 1555 631 1614 muneribus
645 1554 743 1613 ostium
761 1555 864 1616 demde
882 1557 931 1616 sua

194 1652 288 1716 patere
302 1637 395 1695 vellet.
437 1635 547 1708 Legatia
566 1634 666 1695 deinde
684 1635 759 1711 priua
779 1636 931 1714 responsum

194 1717 353 1791 redditum:
378 1716 454 1774 donec
473 1713 558 1774 ltalia
576 1714 698 1792 Pyrrhus
715 1715 864 1792 excefflffet,
888 1718 930 1776 ba·

189 1797 258 1875 stem
272 1816 329 1855 eam
342 1795 433 1872 populo
447 1795 561 1853 Romano
571 1796 647 1871 fare.
683 1794 848 1872 Perplexum
862 1797 931 1857 hisce

194 1895 301 1948 regem,
322 1879 348 1931 δι
361 1894 450 1951 neque
463 1874 567 1932 bellum
584 1875 647 1935 laeto
661 1876 753 1934 animo
768 1877 930 1959 proscaquen·

191 1967 270 2027 um,
298 1974 386 2031 neque
406 1954 565 2031 cupientem
591 1975 656 2016 cum
681 1955 770 2034 aliqua
795 1956 930 2031 dignitatis

192 2034 298 2113 jasium
308 2032 457 2107 discedere,
469 2035 600 2096 extricare
614 2035 668 2095 visa
681 2036 717 2096 est
730 2037 875 2099 Siciliensis
886 2059 930 2100 ca·

192 2114 310 2194 peditim
331 2135 425 2193 quam,
445 2117 504 2193 post
521 2116 632 2189 longam
651 2122 677 2174 δι
695 2116 845 2195 ancipitem
865 2119 930 2180 deli·

194 2195 374 2268 hermionem,
394 2197 505 2257 tandem
518 2197 606 2255 statuit
618 2197 756 2274 suscipere.
798 2199 844 2258 Sic
859 2201 928 2260 enim

192 2281 223 2337 ac
237 2276 394 2337 Romanum
407 2276 510 2338 bellum
523 2276 633 2337 honeste
643 2277 773 2336 declinari
785 2279 862 2356 posse
876 2281 927 2358 spe·

194 2356 282 2428 rabat,
302 2362 328 2416 tc
344 2357 490 2433 imperium
509 2357 599 2415 insulae
618 2357 829 2434 locupletiffimae
848 2381 927 2419 occu·

192 2437 272 2513 pari:
293 2435 372 2493 slmul
391 2436 538 2495 vindictam
558 2435 593 2495 de
608 2437 882 2513 Carthaginiensibus,
901 2450 928 2498 ut

192 2516 269 2594 prior
282 2514 317 2572 ab
329 2513 390 2591 ipsta
403 2515 542 2586 laceffitus,
562 2515 665 2576 sumere
680 2517 817 2596 cupiebat.

187 2609 193 2627 ⁹
235 2595 376 2665 XLVII.
405 2593 482 2653 Nam
508 2595 548 2652 illi
569 2595 686 2673 suspecto
709 2599 783 2669 regia
800 2599 926 2670 consilio,

192 2676 275 2754 paulo
287 2671 349 2733 ante
360 2675 513 2749 Magonem
525 2675 626 2735 ducem
635 2696 702 2735 cum
715 2693 828 2739 centum
840 2681 925 2757 uigin-

192 2757 215 2828 ai
228 2756 339 2817 navium
352 2755 430 2815 classe
441 2756 576 2827 miserant,
597 2754 719 2816 acbatana
730 2772 871 2819 externam
882 2759 925 2819 ba·

186 2838 254 2915 stem
277 2840 396 2974 cappanis
415 2840 496 2895 etiam
519 2837 629 2897 auxiliis
647 2837 765 2913 populum
786 2840 924 2914 Romanam

184 2916 307 2992 ,adaram
341 2937 366 2974 na
387 2918 435 2992 effe
453 2916 621 2977 didtitantea:
642 2922 844 2996 &quanquam
865 2920 922 2981 illu·

189 3010 254 3055 rum
267 2998 349 3076 opera
362 2996 482 3059 Romani
495 3016 553 3061 uua
566 2998 625 3087 suut
638 2995 688 3072 usi.
708 2996 800 3063 senatu
817 3000 919 3082 respon
