1956 3736
10 500 12 505 .
64 462 122 508 tuna

170 158 362 218 Soranum.
385 153 502 215 L.XII.
525 154 686 215 Ltvtau.
753 176 792 235 43

66 288 170 347 cuniam
184 288 274 346 secum
293 286 425 358 grandem
439 286 572 357 attuliss'et,
593 284 607 344 Ξ
623 288 794 349 Mamertinis
803 302 833 350 U.
844 307 873 354 c.
919 356 922 363 ,

67 371 155 468 ructus
169 369 206 426 est
214 392 225 435 ς
245 387 334 446 neque
346 367 405 425 lata
417 366 476 439 fibi,
497 387 583 444 neque
598 367 723 427 diuturni
738 370 794 426 sor-

99 494 232 587 X‘XXII.
254 527 331 585 Nam
346 526 447 598 evenit,
468 540 499 585 ut
513 526 654 586 oeulomm
667 530 793 599 gravia-

811 381 869 427 47¹·

803 434 881 481 nc-

811 491 870 563 281.

63 608 198 678 gritudine
212 622 363 684 correptus,
384 607 521 664 medicum
539 605 669 678 insignem
686 610 793 667 accien-
866 666 871 675 ,

58 688 127 746 dum
140 701 264 754 curaret3
280 688 383 745 ultione
397 687 487 744 divini
497 688 554 761 jam
567 686 601 744 ad
615 690 704 764 plures
718 709 792 750 acer·

64 766 202 845 bioresque
226 787 319 844 poenas
344 766 476 823 nefarium
499 766 640 824 hominem
662 771 790 844 rapiente.

62 847 207 906 Adductus
235 866 301 916 ergo
327 845 448 903 medicus
474 847 510 902 esi
531 845 671 916 Rheginus
696 848 791 924 domo,

62 927 113 998 sed,
135 928 201 1004 quia
221 927 315 984 multis
333 926 366 982 ab
386 927 460 983 annis
476 925 604 982 Messanae
619 927 792 1001 habitaverat,

62 1008 163 1078 origine
182 1027 240 1064 non
256 1006 345 1063 Decio
364 1006 479 1074 tantum,
500 1024 639 1082 nunquam
652 1006 701 1063 ulli
715 1007 792 1066 Rhe-

61 1087 187 1156 ginorum
206 1085 231 1143 se
249 1085 434 1155 commissuro,
455 1085 500 1143 sed
522 1084 654 1162 plerisque
674 1086 793 1160 ejusdem

61 1166 132 1224 urbis
151 1166 249 1223 incolis
272 1165 448 1241 incompertai.
485 1164 537 1222 Ille
558 1184 666 1222 memor
687 1167 791 1242 patriae,

62 1246 209 1320 &injurias
224 1247 281 1320 ejus
295 1245 385 1302 ulcisci
401 1258 500 1315 certus,
521 1244 660 1321 persuadet
673 1246 790 1319 homini,
810 1246 818 1255 '

61 1324 84 1382 se
104 1325 242 1384 strenuum
263 1324 376 1402 quidem
397 1325 491 1382 afferre
511 1325 673 1398 remedium,
693 1325 739 1384 sed
760 1348 789 1386 e-

60 1407 155 1464 ventus
170 1406 231 1476 tuti,
252 1405 452 1481 celerrimaeque
466 1404 598 1462 efficaciae.
635 1406 679 1462 Sic
693 1407 790 1466 admo-

60 1499 88 1542 to
103 1485 316 1554 medicamento,
338 1485 413 1561 quod
427 1485 612 1542 cantharidum
626 1485 703 1544 succo
719 1501 791 1546 tem·
815 1485 819 1493 '

58 1579 211 1640 paraverat,
236 1565 375 1640 vetitoque
396 1564 473 1634 tolli,
499 1564 652 1640 priusquam
672 1566 726 1640 ipse
745 1587 790 1624 re-

59 1645 148 1706 versus
168 1645 203 1703 ad
220 1663 323 1714 aegrum
336 1643 410 1714 esset,
431 1643 485 1700 stne
499 1663 575 1699 mora
590 1645 729 1701 conscenso
742 1665 790 1702 na-

59 1727 144 1796 vigio,
166 1744 203 1782 ex
222 1722 288 1781 urbe
309 1724 430 1780 Messana
451 1721 582 1798 profugit.
625 1724 728 1782 Decius
748 1724 791 1782 in·

59 1805 183 1863 credibili
196 1804 291 1862 dolore
305 1803 364 1861 satis
377 1802 424 1861 diu
439 1803 562 1874 tolerato,
577 1804 716 1881 postquam
730 1824 790 1863 me·
816 1806 819 1811 ’

59 1884 136 1942 dicus
158 1903 215 1942 non
236 1883 317 1954 redit,
338 1883 458 1941 amoveri
477 1884 620 1960 collyrium
638 1884 732 1961 jubet:
755 1905 792 1946 eo

60 1964 160 2035 diluto,
180 1962 327 2022 luminibus
349 1964 472 2025 orbatum
490 1962 516 2021 se
536 1966 640 2042 reperit.
684 1966 728 2024 Ita
745 1967 787 2024 in-

58 2044 148 2116 famis,
170 2043 244 2114 exul,
264 2057 446 2120 contemptus,
467 2064 564 2115 caecus,
582 2047 672 2103 animo
686 2052 712 2103 δι
726 2066 789 2104 cor·

58 2144 124 2202 pore
138 2143 223 2195 aegro,
236 2137 363 2200 tanquam
373 2123 488 2181 vinculis
500 2125 665 2194 constrictus,
681 2124 715 2181 ad
728 2145 788 2200 poe-

57 2224 121 2262 nam
134 2205 269 2263 seruatur:
290 2204 361 2262 miro
375 2203 496 2281 quodam
508 2203 607 2260 divinae
620 2204 730 2260 ultionis
744 2205 788 2262 in·
817 2205 819 2209 ’

58 2285 154 2357 genio,
181 2300 211 2343 ut
230 2283 264 2341 ab
284 2303 317 2341 eo
337 2284 382 2341 cui
401 2282 510 2342 salutem
529 2283 602 2340 suam
622 2282 788 2355 crediderat,

57 2365 165 2424 cladem
188 2364 264 2421 istam
287 2377 435 2440 pateretur,
462 2363 509 2441 qui
531 2361 605 2440 priits
624 2362 694 2441 ipse,
720 2383 792 2439 quon

58 2446 128 2503 tueri
146 2444 286 2514 debuerat,
307 2444 473 2501 immanitate
488 2443 652 2521 perfidisque
671 2444 792 2504 circum.
848 2492 850 2495 .

58 2525 177 2585 venisset.
219 2525 290 2601 Qae
316 2523 478 2581 documenta
500 2523 613 2581 historiis
641 2523 800 2603 configunt

57 2606 182 2683 tradique
200 2604 304 2674 generis
323 2604 434 2661 humani
451 2605 566 2675 interest,
588 2604 631 2662 cui
650 2623 788 2682 nunquam

57 2685 114 2743 fitis
128 2683 312 2762 persuadetur,
326 2683 456 2760 quantiam
470 2682 484 2740 ai
499 2685 569 2741 reeta
582 2684 731 2759 prudentiae
744 2702 787 2740 ra·

58 2765 130 2824 tione
143 2764 210 2823 absrt
224 2784 256 2822 ea
269 2763 409 2832 calliditas,
430 2783 479 2840 per
493 2783 573 2838 quam
588 2763 625 2819 ob
639 2761 699 2819 salsa
713 2758 793 2836 quae-⁴

59 2845 120 2905 dam
140 2846 214 2904 bona
231 2845 330 2902 virtute
349 2843 455 2919 fideque
472 2842 575 2921 spretis,
596 2862 645 2918 per
663 2840 748 2900 foedae
762 2845 806 2903 δι’

58 2923 163 3010 iniquae
175 2924 301 2989 libidines
315 2924 345 3010 iu
358 2942 421 3007 uera
434 2922 504 2984 mala
517 2921 611 2983 ruitur.
