1956 3736
168 145 358 203 Scrutare.
382 144 416 200 L.
431 143 511 203 XIX.
535 142 696 205 Lrvrau.
745 163 804 225 253

108 271 259 328 XLVIII.
283 272 329 331 M.
348 269 449 328 deinde
469 269 568 328 Fabius
582 271 628 330 M.
646 272 679 332 F.
696 271 742 330 M.
759 271 801 330 N.
812 294 843 341 u,
854 291 900 346 ω,

68 350 167 421 Buteo,
189 350 224 408 C.
236 351 337 408 Atilius
352 351 390 410 A.
407 352 438 408 F.
455 351 492 409 A.
508 352 550 409 N.
565 351 667 410 Bulbus
681 351 804 413 consula-
819 371 884 418 507.

67 446 128 486 tum
140 431 245 490 ineunt.
278 431 380 488 Coloni
393 446 451 488 tum
465 430 576 489 deducti
588 433 611 490 F
613 452 734 504 regenas,
756 453 803 490 ur·
811 425 839 467 A·
851 428 880 472 ⁰·

67 510 132 567 bem
148 511 263 568 litturiae
277 511 454 582 maritimam,
468 510 503 568 ad
517 530 621 569 nonum
635 512 755 591 lapidem
768 514 804 572 ab
823 501 882 548 245·

67 590 156 660 Alfio,
177 590 284 650 colonii
296 606 359 650 ante
373 590 513 650 biennium
532 590 657 653 deducta.
694 595 805 667 Pugna-

67 671 188 728 tumbis
207 671 360 730 consulibus
378 671 415 729 est
432 671 521 730 navali
541 672 636 748 ptaelio
654 693 756 747 magno
774 695 806 733 a·

66 749 124 826 pud
148 751 343 824 AEgimurum,
367 753 469 810 neutria
495 752 559 810 laeto
584 753 667 813 exitu.
699 756 804 833 quippe

65 850 197 901 magnum
211 838 236 890 δι
248 832 404 905 hominum,
417 836 443 890 δι
456 833 567 890 navium
581 851 726 893 numerum
740 848 803 911 pcr-

66 910 161 970 didere
176 913 269 972 Poeni:
291 913 389 971 vifirbe
403 913 593 972 Romanarum
608 912 689 971 claffia
702 934 737 972 ex
750 915 803 975 hu-

65 990 104 1049 lie
122 1007 198 1069 parta
216 986 335 1066 ingeritia
353 992 436 1070 spolia
451 994 481 1051 vi
500 992 688 1069 tempestatum
705 994 803 1055 amifit.

66 1071 102 1129 In
116 1073 206 1131 Sicilia
225 1076 283 1151 pari
302 1079 328 1131 ἀ
342 1073 464 1144 corfino,
484 1072 633 1132 &fortuni
651 1093 694 1131 ree
711 1075 801 1148 geste,

64 1149 147 1228 quun
160 1153 294 1230 superiore
306 1172 377 1212 auno
389 1153 490 1212 facium
503 1152 604 1213 suerat:
618 1153 726 1213 difficili
734 1173 805 1221 cou-

64 1232 165 1290 sulibur
178 1234 251 1294 bello
262 1255 320 1295 non
331 1234 418 1305 magis
431 1234 470 1292 ub
482 1233 649 1311 asperitatem
663 1233 806 1309 lucorum„

64 1308 150 1386 quim
166 1313 203 1372 ob
218 1315 364 1375 Amilcaris
383 1316 535 1387 ingenium,
555 1314 604 1394 qui
622 1313 689 1375 ficut
706 1316 735 1378 in
753 1335 807 1379 aua

64 1391 173 1451 daciam
186 1410 339 1488 prpmptua,
359 1396 399 1490 ite¹
411 1396 446 1455 ad
459 1410 528 1454 artes
541 1395 607 1454 belli
619 1395 806 1490 callidillimut

62 1473 805 1634 iiiiuiiuiiuiiibrl'offriiiipii‘aeiffiiti‘f
927 1518 930 1523 ‘

63 1647 176 1704 tacetur,
197 1633 367 1713 hostiumque
387 1634 474 1695 socier
494 1636 525 1695 iu
547 1636 639 1695 Sicilia
661 1636 804 1714 mliaeqaa

63 1733 113 1772 ora
127 1713 288 1784 incursaret3
309 1715 355 1775 sed
369 1716 452 1776 etiam
466 1716 494 1774 in
506 1714 558 1775 alia
569 1715 699 1787 intentus,
720 1735 806 1789 ruma

64 1809 122 1853 tem
140 1814 200 1854 rem
214 1796 343 1857 Punicam
362 1796 464 1875 ubique
480 1796 598 1868 fulciret,
620 1795 763 1856 industrius
777 1797 806 1867 i7

63 1875 139 1948 dem,
160 1881 265 1946 &cum
279 1878 365 1943 animi
382 1877 549 1938 firmitudine
563 1876 667 1939 contilii
679 1897 714 1939 ex
729 1891 803 1938 tem.
841 1883 843 1887 ’

62 1975 130 2029 pore
146 1958 270 2031 capiendi
283 1959 389 2022 artifex.
425 1960 521 2037 Itaque
535 1959 730 2036 Lilybaetanos‚
752 1958 804 2039 qui

63 2032 134 2093 terri
155 2036 274 2095 maximi
295 2039 495 2114 premebantur,
516 2039 607 2115 inopii
625 2045 651 2096 u
667 2055 745 2098 metu
763 2040 805 2113 lia
866 2069 868 2074 ·

63 2115 157 2177 berare
170 2116 292 2192 cupiens,
307 2130 412 2194 partem
425 2117 520 2187 classir,
535 2133 566 2175 ut
579 2118 737 2194 Lilybaeum
751 2136 801 2194 pe·

63 2210 178 2267 tentem,
200 2198 228 2254 in
247 2198 302 2255 alto
320 2195 392 2272 juint
412 2195 554 2257 obversari
580 2197 660 2272 cujus
676 2196 713 2254 ad
731 2217 801 2257 cuu-

62 2275 183 2354 spetium
197 2298 283 2356 quum
299 2276 419 2336 Romani
433 2276 588 2349 evolassent,
607 2264 661 2353 ip'se
675 2297 740 2336 cum
751 2296 803 2337 ua·

62 2358 153 2430 vibus,
171 2379 237 2437 quat
251 2357 285 2416 ad
299 2358 353 2416 hoc
366 2356 397 2415 in
409 2356 471 2415 loco
483 2357 557 2415 unde
570 2356 690 2434 conspici
702 2358 800 2437 nequi-

61 2452 156 2499 verant
169 2438 288 2499 uccultas
300 2437 440 2508 habuerat,
455 2450 567 2514 portum
579 2438 733 2514 occupavit,
748 2437 802 2497 ob.

61 2517 189 2594 [eliosque
213 2517 351 2597 prasentia
372 2516 416 2576 sua
436 2523 463 2576 ἃ
482 2538 573 2577 rerum
595 2518 801 2581 necessarimm

62 2597 170 2656 invecta
188 2599 268 2678 copiti
285 2618 415 2672 magnam
436 2598 465 2656 in
486 2599 563 2677 spem
580 2598 801 2679 alacritatemque

63 2677 160 2737 erexit.
761 2728 779 2743 ,,
796 2732 799 2737 ,

103 2757 217 2816 XLIX.
267 2758 391 2819 uum'ad
410 2757 483 2817 bunc
505 2742 622 2819 modum
642 2746 871 2839 temput'ittm⁴

64 2836 154 2895 Sicilie
174 2837 262 2897 bellan
282 2859 300 2896 ο
313 2839 511 2911 extraheretur„
526 2840 648 2900 consuler
662 2841 702 2901 A.
713 2839 800 2917 Mau
815 2852 875 2911 50⁸·

63 2918 115 2977 lius
131 2917 171 2976 T.
187 2920 220 2978 F.
237 2920 277 2980 T.
294 2918 336 2979 N.
353 2919 512 2998 Torquatus
525 2921 647 2995 Atticus,
667 2921 704 2983 C.
718 2920 833 2985 Sem-¹⁴·
844 2923 875 2969 0·

63 2997 175 3074 pronius
189 2999 240 3062 Ti.
257 3002 292 3063 F.
308 3000 357 3065 Ti.
376 3000 418 3067 N.
434 3000 532 3140 Blepbrr
546 3001 709 3078 iterumad
719 3022 798 3084 exer}
814 2995 875 3045 ‘⁴⁴'
