1956 3736
162 149 352 211 sunnon.
376 147 545 209 LXVIII.
569 147 729 208 Lrvtnn.
760 153 811 210 181

75 281 174 342 sentire
189 280 291 341 bellum
306 283 400 360 coepit,
420 282 575 341 Romanis
567 303 597 340 m
611 301 671 340 eam
686 281 814 354 ingressis,
824 287 854 334 U
864 288 896 337 0⁴

75 365 221 442 postquam
238 362 499 457 Carthaginiensium
518 363 624 421 classem
644 363 741 434 magni
761 383 841 460 pu·
832 354 890 410 4⁹⁶·

75 464 130 517 gna
115 443 275 502 vicissent.
297 463 358 521 quae
376 445 416 502 uti
438 419 890 538 gestasint,ips1usqueRe·⁴2‘5{:

75 524 136 597 guli
154 538 297 600 utramque
315 523 462 594 fortunam,
484 529 510 581 Ic
528 489 670 594 indignum
691 525 743 582 viri
756 523 813 582 vir-

76 618 135 698 tute
147 605 264 675 exitum,
285 604 339 661 hoc
353 604 422 662 libro
435 623 613 681 exponemus.
635 606 720 662 Anno
734 604 813 699 supe·

74 683 148 743 tiore
170 704 235 742 cum
254 685 287 743 C.
297 684 385 742 Attho
402 685 509 743 consule
527 684 782 756 Carthaginienses
773 700 817 744 rte

74 765 172 843 peaelio
194 765 283 823 navali
301 765 505 836 contenderant,
525 779 567 836 ut,
588 783 742 842 quanquam
763 765 813 842 ipst

70 844 201 924 'pluribus
219 845 314 902 amiffie
333 846 446 904 navibus
465 844 556 922 pugni
573 845 676 921 priores
694 845 814 905 excessis·

74 925 147 998 sent,
174 928 266 984 tamen
287 927 349 1003 quia
369 926 508 983 Romanae
527 926 610 982 etiam
628 925 732 1002 aliquot
750 925 812 988 sub,-

73 1007 230 1078 merserent,
250 1004 276 1064 se
290 1024 346 1064 non
360 1006 500 1065 inferiores
514 1005 590 1063 suisse
604 1005 811 1081 Interpretaren·

73 1097 137 1145 tnr:
159 1086 280 1145 Romani
298 1084 392 1145 contri
408 1100 537 1145 eventum
552 1105 615 1144 eum
633 1105 685 1163 pro
699 1086 812 1144 victorie

72 1165 150 1225 baud
163 1166 246 1225 dubia
264 1167 466 1244 computabant.
509 1168 553 1226 Ita
571 1166 661 1237 fiebat,
683 1180 713 1224 ut
724 1166 768 1243 spe
785 1171 812 1224 δε

74 1244 176 1305 fidunt
199 1248 257 1325 peri
284 1247 402 1326 populus
424 1263 538 1325 uterque
562 1246 681 1305 studium
705 1246 810 1304 mariti·

70 1345 183 1486 s{qutun
201 1347 292 1388 rerum
311 1347 360 1406 per
376 1328 576 1389 emulationem
591 1327 725 1388 summam
743 1348 810 1408 pro·

119 1421 238 1469 ueretur.

98 1488 160 1547 11.
181 1488 272 1560 Igitur
291 1493 318 1548 &
336 1488 456 1550 eonsules
474 1490 504 1550 in
522 1489 646 1551 Africam
666 1489 809 1550 transferre

70 1542 179 1629 bellum
196 1569 267 1646 jussi,
288 1591 352 1630 cum
374 1584 553 1632 trecennium
572 1571 680 1642 triginta
697 1571 833 1643 navium,

69 1647 149 1709 classe
164 1649 314 1710 Messanam
328 1671 381 1729 app
363 1649 441 1728 p,u1s1
461 1663 542 1728 atque
555 1650 620 1709 inde
633 1651 696 1710 litus
709 1649 813 1708 Siciliae

67 1726 199 1794 demum
211 1731 331 1804 legentes
345 1746 443 1810 praeter
454 1730 612 1809 Pachynum
626 1730 661 1790 ad
675 1730 808 1807 recipien-

68 1811 119 1871 dos
134 1810 267 1890 pedestres
281 1832 335 1891 cop
336 1813 385 1884 ias,
399 1827 459 1870 tum
473 1811 589 1871 cestra
566 1831 637 1871 eirca
651 1812 808 1871 Ecnomum

68 1891 173 1955 collem
190 1834 335 1966 habentesp
352 1893 515 1971 pergebant:
537 1898 563 1951 δι
576 1892 624 1952 sub
641 1891 716 1952 idem
734 1907 807 1951 tem·

67 1973 815 2132 Itffisffiffltstmffltttsust‘ffs‘sn

68 2133 172 2208 duces,
198 2135 363 2209 Carthagine
384 2134 558 2228 Lilybaeurn,
583 2137 610 2190 δε
629 2133 693 2192 inde
713 2133 806 2191 Hera-

68 2215 159 2277 eleum
174 2216 302 2276 Minoam
316 2215 470 2288 transgressi,
484 2233 517 2273 eo
530 2215 558 2272 in
572 2226 654 2290 portu
666 2212 806 2272 stationem

69 2296 217 2371 agitabant,
238 2297 346 2356 consilia
363 2297 554 2354 Romanorum
568 2293 747 2365 observantes,
769 2298 806 2364 δι,

68 2377 205 2437 fiversite
226 2378 351 2438 Africam
375 2377 510 2435 instituere
533 2375 639 2434 cursum
660 2374 805 2445 auderent,

68 2455 599 2616 {asstaffltstffssfpisst
605 2456 806 2599 IIII&

68 2618 105 2681 Iit
123 2619 210 2698 praelii
226 2619 361 2680 tentandae
376 2619 437 2698 spes
454 2620 554 2691 forent,
574 2618 628 2678 five
642 2618 741 2679 alicubi
758 2637 807 2677 ex·

68 2697 235 2761 seenstonem
249 2700 307 2760 fieri
325 2714 493 2779 opporteret,
514 2663 683 2758 consilium
674 2720 704 2758 ιιι
722 2716 807 2774 expe·
810 2760 815 2766 ,

68 2779 130 2841 dito
146 2782 287 2842 baberent
329 2782 426 2858 Itaque
444 2779 640 2858 pugnacissimis
658 2776 808 2855 quibusque
830 2834 832 2838 .

68 2852 214 2922 militum'
206 2882 235 2922 ιιι
245 2881 328 2922 naves
342 2861 485 2938 impositis,
500 2873 616 2938 quatuor
630 2857 730 2930 classes,
745 2871 807 2916 tan·

68 2959 158 3020 quam
171 2943 289 3038 eiusdem
302 2941 431 3002 universae
445 2953 532 3018 partes
546 2938 672 3010 totidem,
692 2938 806 3002 faciunt.

69 3022 211 3100 legionem
222 3026 340 3110 primam
354 3024 384 3084 io
397 3021 486 3104 prima
505 3020 593 3097 classe,
614 2979 679 3086 duab
693 3021 807 3102 sequen

478 3101 527 3183 Q
648 3222 653 3228 .
