1956 3736
198 185 255 253 rte
350 186 378 265 J.
411 185 773 246 raarrmurr

100 334 174 388 mc,
193 315 366 377 multitudine
390 313 460 371 inter
484 328 570 392 pauca
588 310 810 372 memorandum.
849 311 917 391 Qu-

108 406 168 466 49⁶·
195 410 257 456 tuor
274 395 447 466 &sexaginta
462 395 611 452 Poenorum
627 410 712 452 naret
729 407 834 472 captor
852 393 920 472 irpra

51 540 57 549 ,
101 469 132 515 ⁴·
144 471 171 517 0·
193 479 300 548 triginta
313 476 440 556 depressa
454 474 528 534 sunt:
549 474 665 533 victores
679 480 832 551 quatuor&
842 475 921 546 vigin-

110 532 167 608 Ψ·
192 559 310 616 eman
324 557 468 616 amarunt
481 552 607 614 nunna·
621 556 744 623 nuno
764 556 837 614 arn
851 572 921 633 pon-

191 640 286 698 !tatem
301 639 418 698 hostium
431 638 504 696 nulla
518 635 652 714 pervenit.

199 750 201 754 ⁷
234 722 271 778 X.
287 720 347 778 Post
358 721 427 777 hanc
439 718 580 776 vitrorum
591 717 742 775 Mesianrrn
754 717 854 777 reversi
864 737 924 797 pau·

191 817 241 858 eoa
260 801 319 859 dies
339 801 453 858 navibus
477 797 683 876 hominibusque
707 798 879 872 reficiendis,
903 803 925 856 ir

193 883 321 960 ampliori
341 881 507 940 commeatui
606 877 644 937 do
665 877 812 939 dederunt.
856 881 926 939 lnter

193 983 268 1041 quoa<
280 964 402 1022 Amilcar
415 980 502 1038 quum
545 960 637 1018 fricam
658 960 692 1018 ab
707 959 844 1018 Romanis
863 959 927 1019 adiri

194 1046 371 1103 vehementer
391 1043 486 1112 nollet,
507 1039 649 1119 prohibere
667 1037 734 1098 verb
756 1042 784 1098 vi
804 1046 831 1098 δι
852 1041 927 1100 armis

193 1143 251 1183 non
271 1125 366 1202 posset,
388 1123 422 1180 ad
441 1123 520 1180 dolor
539 1121 564 1179 se
584 1121 719 1187 contulit;
741 1121 877 1199 missoque
897 1121 927 1180 ad

192 1224 242 1263 eor
256 1226 305 1282 per
318 1203 422 1262 cansam
442 1201 566 1282 petendae
579 1202 653 1279 pacia
668 1201 808 1261 Hannone
823 1217 928 1282 ternpus

193 1287 334 1343 extrahere
352 1283 454 1354 sategit,
475 1282 564 1340 donec
583 1283 680 1359 copiae,
700 1302 767 1360 quaa
789 1283 928 1356 Cartbagi-

192 1384 229 1424 ne
241 1366 289 1422 fibi
303 1365 375 1423 mitti
388 1363 517 1441 sperabat,
531 1362 704 1422 advenissent.
725 1363 832 1422 Hanno
846 1384 927 1443 quum

194 1445 229 1502 ad
245 1445 366 1503 consuler
378 1443 528 1515 accessisset,
548 1442 706 1522 audiretque
720 1463 802 1502 vocer
817 1445 883 1503 iden
901 1449 929 1504 ir

195 1527 269 1584 illam
282 1526 447 1604 statuendum
464 1525 513 1602 effe
531 1524 738 1597 clamitantium,
759 1527 828 1601 quad
843 1531 930 1603 qainu

195 1608 258 1666 anti
272 1629 340 1667 anno
351 1613 380 1666 a'n
393 1607 442 1666 Ca.
453 1606 599 1664 Corneliam
610 1603 716 1681 Afiaam
729 1605 856 1684 coasrclem
868 1609 928 1665 1³ae-

197 1695 226 1746 πὶ
245 1689 450 1766 destgnaoifflnt,
471 1689 555 1746 astuto
574 1685 696 1763 responso
718 1687 871 1764 periculum
889 1690 928 1746 in·

196 1785 329 1827 tentatum
351 1768 444 1827 elusit:
472 1769 529 1825 Hoc
549 1766 621 1837 veri,
642 1768 740 1844 inquit,
752 1767 784 1842 st
792 1770 927 1844 feceritis,

187 1852 249 1926 jam
266 1847 347 1904 nihilo
365 1849 442 1905 eritis
458 1848 538 1922 Afris
556 1847 681 1908 meliores.
702 1847 846 1928 statimque
865 1870 927 1910 cou-

69 1949 73 1959 ·
196 1929 264 1984 sules
279 1946 409 2002 excepere
422 1927 585 1998 sermonem,
606 1943 694 1986 tacere
703 1928 788 2004 jusus,
808 1931 859 2010 qui
870 1933 927 1990 vin·

194 2007 324 2065 ciendum
337 2007 470 2078 dixerant,
485 2008 701 2086 conveniensque
716 2009 852 2069 Romana
865 2033 927 2085 gen·

194 2091 231 2148 ria
245 2088 367 2160 gravitati
381 2108 436 2148 vox
446 2087 538 2146 audita
549 2089 601 2147 est:
625 2090 675 2166 Ista
687 2102 715 2147 te
725 2105 807 2166 meta,
822 2095 926 2166 Ham,

188 2172 257 2248 fides
270 2171 388 2228 civitatis
402 2171 497 2245 nostre
509 2169 615 2228 liberat.
645 2170 691 2228 De
704 2191 782 2248 pace,
803 2175 868 2250 quia
881 2194 925 2233 ne.

193 2273 249 2332 que
268 2254 369 2310 Poenua
386 2247 453 2309 serici
471 2251 578 2322 agebat,
598 2250 769 2330 consulesque
788 2254 925 2314 victoriam

71 2395 78 2405 ἃ
193 2332 277 2410 quien
291 2352 387 2409 pacem
401 2331 546 2402 malebant,
561 2331 654 2389 frustra
668 2333 801 2403 agitatum
815 2335 863 2396 esi.
888 2338 925 2396 A·

108 2470 111 2475 .
191 2413 323 2472 fricanum
351 2413 434 2484 igitur
460 2412 662 2490 expeditionem
690 2412 794 2473 durius
825 2416 924 2477 differri
968 2443 970 2454 ·

192 2492 249 2552 non
263 2493 374 2570 placuit.

232 2575 288 2633 XI.
311 2573 414 2652 Neque
429 2573 507 2631 Poeni
518 2572 602 2634 ducet
615 2575 750 2648 obstitere,
771 2596 922 2660 quanquam

191 2654 264 2716 inter
276 2655 302 2714 se
312 2653 503 2712 constituissent
512 2656 636 2734 quietum
647 2658 699 2715 iter
710 2655 781 2715 hosti
792 2677 851 2720 non
862 2679 923 2720 con·

190 2738 300 2811 cedere,
320 2735 366 2796 sed
380 2735 488 2795 diversis
504 2756 539 2795 ex
554 2738 673 2814 partibus
687 2755 799 2815 carpere
814 2741 921 2802 morari·

189 2839 255 2898 que.
277 2817 398 2878 ceterum
411 2817 549 2876 Hannone
562 2818 598 2876 ad
609 2818 845 2897 praemuniendam
859 2824 921 2883 Car·

190 2901 330 2973 rhaginenr
344 2896 493 2971 festinante,
515 2899 638 2959 Amilcar
656 2900 726 2959 nihil
746 2921 861 2964 movere
877 2922 919 2963 au·

189 2979 244 3052 sus,
265 2980 408 3040 Heracleae
427 2980 453 3038 se
473 2981 616 3042 continuit.
642 3001 724 3041 naver
745 2983 920 3046 Romanae&

189 3053 918 3157 nhosibotritempesateparatunsnsnuae·
