1956 3736
75 314 108 362 Π,
120 317 147 364 C.

74 392 143 492 ss·

82 516 139 568 277·

169 167 208 224 82
321 165 744 243 J.Fearrrsusnrr

168 325 272 379 manus,
297 326 357 386 quae
380 306 503 377 ignarum
528 306 566 363 rei
589 305 742 377 consulem,
768 307 904 387 nulloque

165 386 277 462 periculi
297 400 371 443 metu
394 386 572 444 confidentius
596 386 631 444 ad
655 387 757 444 moenia
779 388 902 460 suggres-

165 463 232 534 sum,
253 466 392 543 eruptione
406 464 492 524 subitb
507 465 585 535 sassi,
606 486 663 522 non
677 466 733 523 fine
745 468 825 526 caede
838 467 900 525 vul·

163 543 320 622 aeribusque
335 545 484 604 multorum
498 546 601 620 rejecit.
625 546 740 603 Rufinus
754 558 899 624 acceptum

162 624 312 682 temeritate
327 623 520 682 detrimentum
535 625 644 682 consrlio
659 627 840 697 comesturus,
853 648 896 684 ru·

161 721 269 763 morem
290 704 392 763 adverfi
411 705 563 765 certaminis
582 705 655 762 ultro
669 704 804 776 adauget3
826 705 895 785 qud·

161 801 216 861 que
235 785 332 860 majori
352 785 486 862 perculsus
501 783 552 842 esse
570 786 668 842 timore
682 784 817 855 videntur,
839 805 894 842 coe·

162 877 211 939 pto
233 863 258 920 se
281 863 400 923 desrstere
420 864 541 922 srmulat:
564 862 656 934 colligi
675 864 789 922 sarcinas
807 865 893 940 jubet,

162 957 194 1000 ut
206 946 409 1021 quamprimum
423 944 585 1002 discessurus.
628 944 663 1000 In
676 944 785 1014 urbem,
807 958 839 1000 ut
850 963 892 1001 ca·

161 1021 221 1081 stris
242 1037 297 1082 tarn
322 1024 480 1104 propinquis
501 1023 635 1080 necessum
661 1039 732 1096 erat,
761 1022 818 1080 εἰτὸ
837 1024 892 1081 hac

160 1102 331 1164 nunciantur.
352 1118 449 1181 praeter
462 1102 629 1181 probabilem
643 1103 682 1160 rei
695 1102 800 1160 causam
814 1105 890 1178 juva·

161 1193 253 1240 turco
273 1203 381 1264 quoque
395 1181 548 1254 creduliter,
569 1179 643 1260 qudd
657 1201 755 1240 verum
772 1182 829 1240 hoc
844 1180 890 1240 else

91 1323 97 1335 ,
160 1261 324 1338 cupiebant:
351 1282 436 1340 quum
453 1263 511 1338 jam
531 1260 624 1339 sponte
644 1262 713 1320 hanc
733 1263 763 1319 in
787 1277 890 1339 partem

160 1340 348 1405 inclinantibus
362 1341 468 1420 animis,
490 1341 613 1420 captivus
627 1341 738 1419 quidam
753 1342 799 1418 spe
812 1343 888 1400 liber

159 1419 220 1479 tatis
235 1436 315 1498 atque
326 1423 501 1499 praemiorum
515 1420 639 1478 inductus
652 1419 666 1478 a
679 1421 788 1478 consule
801 1421 888 1499 super·

157 1500 243 1574 venit,
263 1517 388 1580 tanquam
404 1501 472 1560 inter
486 1502 681 1560 festinationem
696 1500 888 1560 discedentium

157 1580 296 1650 occasione
310 1581 413 1660 captata
427 1581 574 1639 custodiam
588 1581 730 1652 effugisset.

127 1714 131 1722 ,
200 1662 274 1720 VII.
292 1662 344 1720 Ille
356 1662 514 1721 Comelium
525 1661 666 1731 Rufinum,
682 1659 759 1738 qudd
772 1663 808 1719 ad
820 1663 887 1720 Cro·

156 1743 229 1802 tonis
256 1743 485 1819 oppugnationem
509 1761 604 1818 parum
629 1741 740 1801 haberet
766 1743 886 1812 roboris,

158 1823 263 1878 Locros
276 1841 387 1900 pergere
401 1835 498 1890 narrat,
510 1821 626 1881 accitum
642 1819 655 1878 l
669 1821 829 1898 quibusdam
844 1844 886 1880 ur·

155 1899 220 1957 bem
236 1899 309 1957 illam
329 1899 444 1976 prodere
463 1901 600 1977 pollicitis.
635 1900 720 1960 Adest
735 1903 820 1979 paulo
833 1901 886 1980 poll

155 1979 271 2049 scalers,
293 1979 341 2056 qui
355 1978 389 2035 de
403 1979 536 2057 prioribus
554 1980 669 2048 eadem;
691 1981 814 2046 ceterum
832 1984 885 2058 jam

155 2059 207 2116 iter
227 2059 353 2130 ingressos
375 2060 425 2118 esse
443 2060 583 2118 Romanos
604 2061 700 2120 asserit.
721 2061 802 2133 fimul
823 2083 885 2120 con·

154 2138 300 2216 spiciuntur
320 2139 424 2196 eminus
444 2140 516 2210 figna
537 2147 563 2197 δι
583 2161 680 2212 agmen
702 2142 885 2200 incedentium

154 2220 199 2276 via
219 2240 279 2295 quae
295 2220 400 2277 Locros
419 2219 502 2278 ducit.
547 2221 589 2276 Eo
603 2221 668 2277 dolo
687 2237 783 2298 captus
798 2223 885 2280 Nico-

154 2299 265 2357 machus
291 2319 340 2375 per
363 2300 525 2376 compendia
546 2302 651 2358 viarum
676 2303 802 2367 celeriter
825 2322 884 2361 cum
912 2335 915 2338 >

154 2377 205 2434 suis
221 2379 335 2436 accurrit
350 2380 465 2449 Locros,
482 2394 512 2436 ut
527 2400 587 2438 eam
601 2400 710 2457 quoque
725 2383 822 2439 urbem
838 2382 883 2439 de·

151 2457 281 2515 sensurus.
325 2458 409 2536 Qud
428 2460 475 2517 ubi
494 2479 542 2535 per
559 2460 679 2516 occultos
694 2465 810 2520 nuncios
825 2462 883 2518 Ru·

152 2535 221 2593 finus
235 2535 290 2593 citd
303 2538 448 2613 comperit,
469 2539 597 2597 converso
611 2539 716 2611 itinere,
734 2542 881 2600 Crotonem

152 2615 291 2687 regressus,
313 2631 413 2694 quanto
427 2619 535 2676 consrlio
550 2639 581 2678 ac
597 2621 669 2697 pride
683 2623 808 2693 meliore,
826 2636 882 2678 tan·-

152 2709 182 2753 to
197 2697 278 2754 etiam
295 2712 393 2755 eventu
409 2698 529 2756 feliciore
549 2698 608 2758 usus
625 2701 678 2759 est:
701 2701 881 2772 diligentiam-

150 2797 204 2853 que
219 2778 275 2855 ejus
292 2796 348 2835 non
363 2775 447 2835 modi>
462 2779 584 2839 securitas
597 2779 724 2852 hostium,
740 2782 785 2839 sed
802 2782 880 2840 etiam

151 2856 267 2915 fortuna
287 2858 364 2916 favor
379 2859 461 2934 juvit.
483 2858 561 2917 densa
578 2862 651 2918 enim
668 2862 768 2919 nebula
783 2883 820 2941 op
855 2882 879 2921 r·

151 2934 215 2990 tune
237 2937 305 2994 texit
324 2938 512 3010 accedentem,
538 2939 660 3016 pririsque
681 2961 816 3018 propemo
836 2960 878 2998 um

142 3010 220 3074 ‘iutra
237 3016 340 3078 mrema
355 3018 408 3080 suit
422 3019 511 3081 vision
528 3017 670 3093 exercitus,
691 3020 774 3099 quim
793 3038 876 3084 rerer-
