1956 3736
185 145 715 250 simrussuxtssurvs'ra.
777 192 817 270 ιφ

86 305 188 366 Puduit
200 308 335 386 Pyrrhum
347 309 452 368 timoris
466 320 512 366 aut
523 308 698 366 dubitationis
709 309 853 387 signumu
865 339 895 383 ς

82 387 172 447 ullum
186 389 276 448 edere.
298 409 380 466 quare
397 390 540 465 posteriore
557 389 666 466 accepts
679 391 814 450 conditio·
831 413 888 462 473·

84 487 130 538 ue,
144 468 295 526 transeundi
305 468 423 526 lluminis
437 468 593 545 potestatem
606 469 725 527 hostibus
738 471 813 530 fecit.
821 467 890 512 &C

86 547 222 606 Levior
211 568 269 622 jam
290 546 333 605 sua
357 547 449 623 sponte
470 548 618 606 belluarum
639 565 726 607 terror
747 566 813 621 erat,
832 540 890 591 ²⁷⁹⁹

73 626 138 703 ,ipsi
151 627 343 685 consuetudine
356 627 485 685 videndi:
507 629 651 720 manusque
665 649 757 690 earum
771 631 813 688 fa·

67 705 187 765 ¹cilliine
205 706 338 781 amputari
359 708 442 783 posse,
468 727 566 783 pugnae
591 708 687 783 prioris
708 711 812 786 experi-

82 798 179 845 mento
199 786 343 857 constabat,
368 787 420 863 quai
441 787 475 845 C.
490 788 631 843 Minucius
631 791 812 864 quartaele-

82 865 170 936 gionis
185 865 288 941 primus
302 831 414 923 hallatus
433 886 488 922 uno
506 865 588 936 gladii
604 857 659 922 ictu
677 868 814 952 probosci-

82 943 148 1003 dem
167 943 302 1020 elephanti
320 945 486 1020 praeciderat
527 943 581 1001 Sed
600 958 658 1002 tum
680 945 729 1002 alia
743 967 812 1024 quo·

82 1044 135 1101 que
149 1024 270 1100 praesidia
280 1025 497 1095 excogitaverant
509 1024 614 1082 tutioris
625 1023 752 1083 audaciae.
772 1027 813 1083 E-

81 1123 130 1180 qui
120 1103 239 1162 'ferreis
252 1103 362 1162 obdusli
374 1105 479 1162 laminis
494 1125 603 1163 currum
616 1104 813 1176 trahebant&

81 1183 170 1259 ipsum
182 1184 354 1243 contisserro
368 1184 485 1261 praefixis
497 1184 700 1242 horrentem:'
692 1204 721 1252 ιιι
733 1204 813 1242 curru
923 1222 927 1233 ι

82 1276 158 1321 munt
169 1263 294 1322 collocati
306 1264 415 1336 milites,
432 1264 480 1341 qui
491 1265 593 1323 belluas
605 1264 736 1323 irruentes
748 1265 811 1328 mit·-

81 1340 171 1401 stibus
186 1359 231 1401 aut
246 1345 308 1415 igne
320 1345 392 1418 jaslo
406 1359 564 1405 averterent.
839 1404 848 1423 Ι

120 1423 262 1482 ΧΧΧΙΧ.
284 1423 357 1482 Cum
374 1424 428 1481 hoc
433 1440 570 1502 apparatu
586 1425 748 1517 transgressis
757 1425 811 1484 flu-

81 1521 147 1561 men
164 1502 326 1572 legionibus,
348 1502 466 1579 Pyrrhus
485 1523 520 1560 ex
539 1503 642 1561 diverso
662 1506 809 1563 exercitum

80 1581 213 1651 instruxit,
234 1601 286 1658 pro
299 1582 356 1653 usu,
376 1602 460 1673 quem
472 1582 504 1638 iis
516 1583 545 1638 in
557 1582 636 1640 rebus
649 1583 809 1653 maximum,

80 1680 146 1719 cum
167 1659 290 1730 singulari
309 1661 456 1753 quadam
447 1661 549 1731 mgenii
567 1660 714 1731 sagacitate,
734 1661 812 1736 supra

80 1753 185 1798 ceteros
200 1740 257 1814 ejus
275 1741 359 1798 aetatis
376 1740 550 1817 impetatores
569 1740 744 1798 excellentem
760 1739 810 1796 ha

80 1817 144 1879 berc
165 1818 332 1878 credebatur.
371 1818 594 1879 Animadverso
586 1822 667 1891 igitur
686 1819 740 1877 loci
761 1838 811 1889 ge

79 1899 137 1969 nio,
159 1899 208 1975 qui
220 1912 331 1977 propter
347 1899 516 1976 asperitatem
524 1900 573 1959 soh
587 1905 702 1958 &enata
717 1899 811 1977 passim

79 1977 195 2048 virgulta
208 1998 263 2035 non
277 1977 326 2036 nist
340 1979 489 2056 pedestrem
506 1983 592 2038 aciem
611 1994 756 2056 pateretur,
778 2001 807 2038 e-

78 2058 213 2136 quitatum
226 2057 431 2135 elephantosque
443 2058 558 2117 locavit
551 2080 579 2116 ιιι
591 2059 723 2116 subsidiis:
740 2059 807 2116 dex·

77 2152 152 2199 trum
169 2156 254 2194 cornu
266 2137 318 2195 suis
335 2138 503 2196 militibus&
520 2139 680 2196 Samnitium
696 2137 808 2194 auxilia·

77 2216 152 2278 ribus
173 2217 258 2292 copiis
280 2217 413 2284 firmavit3
440 2217 568 2286 Bruttios,
591 2218 726 2285 Lucanos,
748 2216 806 2273 sat-

76 2296 205 2366 lentinos,
220 2295 271 2354 effe
282 2295 354 2371 jullit
365 2297 393 2353 in
407 2296 524 2355 mistro:
547 2296 721 2365 Tarentinos,
736 2314 809 2372 quo-

77 2396 139 2434 rum
155 2375 248 2433 virtuti
269 2375 359 2436 minus
379 2376 514 2448 credebat,
535 2378 564 2434 'm
584 2374 702 2434 mediam
720 2376 808 2433 aciem

76 2456 194 2532 recepit
241 2456 390 2515 Consulum
414 2458 484 2516 acies
505 2421 669 2529 legionarios
693 2453 807 2514 habebat

76 2536 188 2605 milites,
209 2536 315 2593 auxiliis
333 2536 399 2595 levis
417 2551 557 2595 armanuae
576 2535 730 2615 aptissime
722 2552 808 2596 mter·

77 2615 188 2673 mixtis:
209 2614 319 2692 parique
333 2618 442 2687 ingenio
456 2623 481 2674 δι
496 2631 711 2707 temperamento
724 2616 805 2673 subsi-

75 2694 187 2755 diorum
202 2693 309 2752 ordines
328 2696 511 2754 distinxerant
548 2696 711 2772 Equitatus
703 2715 731 2751 ιιι
745 2715 807 2751 cor·

75 2793 129 2832 uua
148 2774 274 2844 diffusus,
292 2795 385 2855 neque
404 2775 601 2851 impedimento
621 2773 728 2830 futurus
751 2776 811 2830 erat

75 2854 190 2931 pedestri
209 2819 315 2930 praelio,
336 2861 372 2926 ἃ,
392 2854 413 2911 st
426 2873 488 2931 quis
499 2852 571 2912 casus
584 2851 695 2922 agendae
709 2853 748 2909 rei
762 2854 805 2910 ιι-

75 2953 120 2992 am
134 2929 283 3011 aperuisset,
303 2899 398 3011 praeslb
411 2947 477 2992 erat
518 2933 594 2991 Inter
608 2931 738 2991 exercitus
750 2953 807 2992 non

75 3014 172 3076 animis
191 3011 306 3087 tantum,
326 3013 372 3078 sed
390 3014 472 3077 etism
488 3032 603 3076 numero
623 3032 699 3094 pares
722 3016 804 3098 (qun
