1956 3736
172 158 229 217 160
323 160 750 235 J.Frrrusttettrr

74 295 145 345 uc.
168 308 273 359 magnae
292 288 330 344 rei
350 287 386 344 ob
400 285 520 344 hiemem
539 286 721 365 propinquam
739 284 830 363 suscipi
846 303 885 363 ρο

82 376 142 423 490·
167 382 244 439 terat,
267 367 414 425 Messanam
430 365 577 426 redieruut.

73 431 145 476 Μ
213 449 293 506 LIX.
323 448 407 506 Anno
427 446 527 505 deinde
548 446 676 524 proximo
700 467 765 506 cunr
786 446 889 527 imperio

83 495 141 541 ’δι’
166 529 274 586 iverunt
289 528 318 586 in
338 528 458 586 Siciliam
479 529 514 587 L
525 528 650 587 Valerius
668 529 714 586 M.
736 530 769 586 F.
789 529 835 588 Μ.
855 527 888 585 N.

71 590 143 715 ¹¹·f·
167 609 290 680 roccus,
311 613 337 667 ιι
355 609 396 668 Τ.
411 609 598 667 omnine.
616 609 649 666 ι.
667 609 725 670 M.
735 609 778 668 ιι.
795 609 891 667 cram

71 667 137 769 ,⁹0
133 688 300 762 consuler,
330 690 464 767 prioribus
484 689 598 748 ducibus
618 687 653 746 ad
670 688 747 766 spem
768 688 890 766 triumphi

81 787 138 833 ιιι
165 771 286 830 Romam
301 771 426 843 digressis
449 768 679 841 Carthaginienses
694 770 820 848 quidem,
835 765 889 829 eus

162 851 188 909 se
207 867 334 930 tanquam
351 852 385 910 ad
403 851 555 910 vastandam
569 850 683 908 Italiam
702 850 791 922 missr,
811 870 890 909 novor

51 935 55 944 “
163 933 311 992 consules
299 955 313 992 a
329 933 426 992 Siciliae
444 952 508 990 cura
522 929 646 991 distinere
664 931 834 1006 cupiverant
853 928 891 989 sed

163 1016 184 1073 ii
205 1014 396 1073 constitutit
371 1033 475 1072 cucum
493 1013 573 1071 litora
591 1010 680 1083 globis
697 1011 833 1086 militurn,
852 1009 892 1090 qui

162 1097 305 1191 predones
317 1108 448 1166 arcerent,
461 1091 659 1152 nihilomiuus
650 1110 680 1149 ιιι
689 1091 804 1151 insulam
817 1057 891 1152 inos-

160 1179 295 1270 jecerqnt.
338 1177 423 1233 Tunc
441 1193 551 1252 quoque
569 1173 655 1231 multa
670 1172 828 1233 Siculorum
847 1193 891 1251 op

161 1257 252 1334 pida'
244 1277 273 1314 ιιι
287 1255 370 1314 fidem
384 1271 501 1332 recepta,
523 1254 624 1314 recenti
638 1252 722 1311 cladia
737 1255 891 1327 Agrigenti

160 1357 204 1395 nae
221 1337 347 1413 exemplo
367 1340 393 1393 ar
409 1352 504 1393 metu:
525 1355 615 1413 neque
634 1333 820 1393 obfistentibur
834 1337 891 1394 Pe·

158 1418 203 1475 nit
203 1436 297 1495 ,quos
309 1417 385 1494 super
399 1417 523 1492 pralium
537 1414 677 1473 adversum
691 1415 776 1472 etiam
788 1416 890 1475 seditio
928 1483 929 1491 ρ

160 1517 209 1557 ttea
234 1497 461 1556 mercenariorum
485 1497 605 1554 militum
629 1494 779 1568 angebant,
808 1496 891 1555 Gallia

159 1575 891 1738 lidt‘ltldtlullitsssllilllssll

18 1756 42 1811 ἢ
159 1741 294 1818 ejusmodi
307 1753 478 1800 commentus
492 1740 529 1799 est
543 1738 657 1798 Hanno.

201 1823 264 1880 LX.
287 1823 417 1879 Sermone
432 1820 530 1879 blando
547 1821 685 1893 mitigator
703 1817 889 1882 modicumtd

157 1911 267 1979 tempus
280 1901 416 1978 quiescere
428 1902 522 1975 jubet:
545 1900 594 1959 l'ib'i
608 1901 659 1959 esse
673 1916 777 1962 certam
791 1907 819 1962 δι
831 1922 889 1982 pro

178 1982 289 2059 inquam
307 1980 401 2058 oppidi
420 1981 558 2057 cujusdam
577 1981 721 2060 locupletis
741 1981 888 2062 occupandi

157 2003 235 2143 ipem
254 2062 386 2121 ostendit:
409 2063 520 2139 exejus
539 2061 630 2139 praeda
648 2063 788 2123 cumulate
807 2063 889 2123 Gallia

63 2180 66 2189 ·
157 2146 241 2205 etiam
259 2163 311 2222 pro
326 2142 462 2202 solutionis
480 2163 557 2201 mora
570 2142 755 2202 satissadlum
746 2165 781 2204 ιιι
772 2145 884 2204 Ὓιοιιι

156 2240 225 2286 mat.
267 2226 312 2285 Ita
327 2223 423 2283 sedatis
441 2224 506 2295 illis,
526 2223 650 2302 adeoque
670 2225 770 2295 gratiae
789 2224 886 2299 agenti·

156 2307 219 2379 boa,
240 2319 395 2386 oportuno
407 2320 541 2384 tempore
561 2324 626 2363 cum
642 2303 884 2383 dispenurooesuo,

155 2408 241 2468 quem
255 2387 369 2445 habebat
381 2385 560 2445 fideliffimum
562 2385 651 2458 ,agit
664 2384 722 2444 urs
716 2388 798 2465 pecie
809 2385 884 2447 ιιιιιΙ·

155 2469 240 2539 fugae,
266 2482 395 2545 tanquam
415 2466 562 2525 rationibus
583 2466 744 2541 interversis,
765 2468 798 2528 ad
822 2469 883 2526 Ota·

155 2548 251 2608 cilium
275 2547 412 2606 consulem
436 2562 576 2626 pergeret,
602 2546 788 2628 indicaretque
809 2549 882 2608 noete

155 2628 281 2710 proxima
268 2627 434 2686 Gallorum
448 2628 534 2686 millia
545 2643 661 2728 quatuor
673 2628 710 2686 ad
723 2631 822 2690 urbem
832 2630 882 2689 Er·

155 2712 277 2772 tellinam
298 2708 482 2803 proditorum·
489 2709 570 2786 opera
589 2708 775 2786 recipiendam
792 2725 881 2770 rentu-

155 2812 212 2863 ros,
232 2791 326 2850 locatis
340 2789 482 2848 insidiis
456 2788 648 2848 circumveniri
639 2790 746 2866 posse.
789 2787 880 2852 Consul

154 2891 215 2930 rem
233 2892 288 2930 non
303 2869 478 2950 spernendam
493 2869 645 2940 arbitratus,
665 2869 730 2929 licet
745 2872 880 2942 morsura

154 2968 211 3007 non
222 2953 335 3011 omnino
346 2951 504 3020 confideret,
525 2950 610 3008 mittit
620 2914 755 3011 deleslam
769 2954 878 3013 militum

154 3046 274 3092 manum.
294 3033 408 3093 veniunt
425 3037 452 3092 δι
471 3031 548 3090 Galli
565 3030 600 3092 ab
614 3031 753 3095 llaunoue
771 3031 877 3119 decepti
