1956 3736
148 139 338 200 Surruru.
361 135 512 199 uxvn.
535 137 696 204 Lauren.
732 140 792 223 1⁶3

60 266 121 331 forti
140 267 268 346 felicique
286 264 368 346 operi
386 267 546 346 complevit,
567 287 599 327 ac
616 258 709 330 animo
721 271 880 341 ¹con-1143,

60 349 170 429 ilioque
184 349 279 409 sideuti
290 349 455 426 susceperat:
477 363 509 408 ut
523 369 580 409 uon
593 351 734 411 immerito
747 353 795 429 ju·
811 371 869 417 49²·
956 362 959 369 ·

60 430 202 503 dicaretur,
228 429 302 489 orbiu
323 430 471 508 imperium
493 431 569 503 genti
589 431 725 492 Romanae
745 425 880 491 ἀεὶ-Μ·-

60 511 130 583 beri,
151 512 197 571 cui
208 509 335 570 adverada
348 511 593 571 exercitatissimum
607 513 636 571 in
648 533 679 572 re
691 513 798 573 nautica
813 487 877 537 Μ’

60 593 192 672 populum
214 591 332 652 classibus
355 591 589 666 benevolenti,
612 612 664 653 uec
683 594 797 653 adrem

60 672 274 747 ingrediundum
290 671 413 744 audacia,
432 692 483 732 uec
500 673 535 732 ad
553 675 699 748 regendam
713 675 796 735 soler·

60 756 111 826 tia,
139 773 191 813 uec
212 754 248 812 ad
273 753 465 832 perficiendam
491 755 636 815 constantia
660 755 794 817 defuisset.

60 836 158 914 Qum
171 834 246 894 enim
260 835 296 893 ad
309 854 370 892 eam
384 834 459 892 diem
475 835 595 895 Romani
607 836 677 896 adeo
691 838 795 896 mariti·

60 935 135 975 mam
154 915 280 974 militiam
300 935 356 972 non
376 913 536 987 attigissent,
564 933 703 995 utraeque
722 918 795 976 viror

60 997 107 1075 qui
121 996 215 1055 navale
229 995 354 1074 praelium
368 995 504 1068 vidissent,
523 1016 614 1074 neque
632 1016 714 1055 navet
727 998 796 1056 ullae

60 1076 180 1149 bellicas,
201 1097 236 1136 ne
250 1075 468 1136 fabricandamnr
481 1076 595 1155 quidem
608 1078 722 1137 artisicea
735 1077 796 1135 ido·

60 1176 128 1217 neos
141 1157 281 1229 haberent,
302 1156 420 1216 maximi
435 1156 533 1216 fiduciai
545 1172 651 1218 tantum
666 1177 734 1235 opus
749 1178 798 1231 ag-

60 1237 157 1311 gredi,
168 1238 320 1299 breviffiuro
333 1252 457 1317 tempore
470 1245 496 1298 δι
508 1240 634 1312 navigare
646 1254 798 1316 coeperunt,

60 1323 90 1378 dr
111 1316 273 1379 dimicarunt
297 1319 432 1378 maritimi
455 1319 562 1398 pugni,
590 1325 616 1379 a
636 1318 798 1379 hominem-it

60 1398 155 1460 multia
175 1399 296 1459 aetatibus
317 1419 515 1459 rerumrerum
534 1401 702 1478 peritiiiinros
718 1403 797 1478 supe-

60 1496 197 1542 raverunt.
240 1481 314 1540 Cura
327 1481 409 1538 classis
422 1480 585 1540 fabricandae
601 1482 727 1547 mandata
739 1476 796 1543 Cn.

60 1561 193 1620 Cornelio
214 1561 250 1621 L.
266 1561 301 1621 F.
317 1561 370 1619 Cn.
386 1560 428 1620 N.
452 1561 573 1639 Scipioni
590 1562 692 1634 Asmae,
713 1568 739 1621 dc
759 1564 795 1624 C.

60 1640 160 1701 Duilio
182 1642 228 1700 M.
252 1643 286 1701 F.
311 1641 358 1701 M.
382 1639 425 1700 N.
446 1642 494 1718 qui
515 1641 681 1700 consulatum
703 1640 796 1702 recena

60 1738 202 1784 mverant.
242 1783 247 1793 .
656 1752 660 1761 ·

110 1803 187 1863 111.
218 1802 307 1862 Navia
327 1815 384 1862 erat
402 1823 456 1863 uua
475 1804 689 1885 quinqueremis,
714 1820 797 1882 quam

60 1883 195 1945 Claudius
209 1904 265 1962 quo
277 1900 401 1963 tempore
415 1885 477 1953 freti
494 1886 632 1945 transitum
647 1884 798 1945 meditaba-

60 1977 124 2038 tur,
151 1964 279 2042 cupidine
305 1967 444 2042 pugnandi
463 1966 575 2044 propiis
596 1966 630 2024 ad
652 1966 715 2025 litua
736 1986 798 2044 per·

60 2045 155 2118 hum,
179 2044 296 2123 locisque
318 2044 421 2105 vadosu
443 2052 468 2104 ὅι
489 2047 617 2104 brevibus
637 2046 797 2122 impeditam

121 2127 182 2186 elisi
193 2146 275 2184 mauu
286 2142 403 2202 ceperat.
418 2125 500 2202 hujus
513 2125 548 2183 ad
561 2126 718 2202 exemplum
732 2125 796 2183 clas·

67 2272 71 2277 ,
133 2206 295 2267 exaediiicari
309 2205 429 2265 consules
437 2205 550 2281 jussere,
572 2219 700 2282 tantoque
711 2206 799 2265 studio

60 2287 213 2348 institerunt
240 2287 332 2364 operi,
359 2299 392 2345 ut
414 2285 606 2358 sexagesimum
628 2286 698 2342 intra
724 2287 799 2345 diem

61 2365 146 2449 qrdm
167 2367 233 2427 caesa
249 2366 361 2427 materia
380 2367 478 2439 suerat,
499 2365 581 2425 classia
599 2380 710 2425 centum
724 2367 798 2441 sera·

60 2450 138 2525 gnita
150 2449 262 2507 navium
276 2449 304 2506 in
317 2448 421 2507 ancoris
433 2449 520 2508 staret.
553 2446 607 2506 Sed
622 2466 673 2506 nec
689 2447 800 2520 ingenio

61 2530 171 2601 minore
193 2527 276 2608 quim
299 2529 425 2588 industrii
449 2528 570 2588 consuler
596 2527 799 2607 expeditionem

61 2611 141 2673 iiiam
158 2624 336 2670 maturarunt.
357 2630 444 2688 quum
462 2611 536 2669 euim
553 2630 641 2688 neque
658 2609 800 2687 imperitos
867 2639 870 2645 ·

61 2691 183 2764 remiges
197 2690 227 2748 in
245 2691 331 2768 praelii
344 2689 487 2749 discrimen
501 2689 636 2750 adducere
649 2689 801 2749 consultum

61 2786 199 2852 putarent,
209 2791 299 2849 neque
310 2771 466 2830 exercendis
476 2771 509 2828 iia
524 2784 631 2849 tempus
643 2774 737 2840 'rerum
751 2787 800 2840 ge-

62 2851 209 2913 rendarum
224 2853 358 2909 coardare
372 2851 482 2923 vellent,
495 2849 644 2908 commenti
656 2847 715 2916 sunt
729 2869 800 2924 rem,

63 2932 107 2992 uti
128 2933 215 3009 primi
234 2933 320 3010 specie
339 2930 498 3003 ridiculam,
525 2931 563 2989 ita
582 2930 629 2989 usu
650 2944 801 3009 eventuque

63 3011 173 3098 prolixe
187 3011 454 3085 commendabilem
474 3026 506 3081 ut
521 3011 623 3102 interea
639 3011 707 3082 duro
719 3032 803 3079 naver
897 3075 904 3088 ,
