1956 3736
168 139 682 203 Susarsra.L.XlI.Liv1au.
752 159 787 201 21

59 424 81 486 1·
192 420 489 494 Comelio‘Dolabells,
513 422 566 481 Cn.
582 421 710 481 Domitio
725 420 829 497 Cal-u.
839 431 884 482 cs

157 538 170 564 .
192 502 258 559 vino
279 501 441 574 consulibus,
466 523 551 581 quum
574 503 671 561 itemm
689 501 790 560 Gallici
805 494 864 555 4⁶9·

59 583 123 642 belli
144 596 232 641 terror
250 580 275 638 se
296 583 492 653 commovisset,
514 581 664 659 multusque
681 562 865 672 Tusco-‘⁴⁸8⁶'

58 684 119 723 mm
140 682 214 720 arma
235 681 300 719 cum
319 662 469 720 Senonibus
490 663 588 720 sociare
609 665 789 733 nunciaretur,
807 638 821 670 ²
842 637 864 684 ³¹

59 744 252 802 Arretinorum
275 742 425 819 periculum
446 742 494 800 sabi
517 740 631 800 minime
652 743 789 813 negligen-

58 823 126 881 dum
148 822 202 879 effe
224 821 313 877 Patres
335 820 501 878 censuerunt.
544 820 598 877 Sed
619 822 681 897 quia
703 816 798 898 neque

60 900 206 961 Dolabella
225 899 433 958 ex·Volsmiensr
451 920 527 971 agro,
547 919 635 976 neque
653 920 687 957 ex
702 902 789 958 Luca·

57 983 102 1041 nia
116 980 261 1040 Domitius
278 980 361 1038 exciri
378 980 433 1038 srne
450 1000 539 1039 rerum
559 979 734 1050 gerendarum
748 981 789 1037 in·

57 1060 216 1120 commodo
236 1074 382 1137 poterant3
412 1061 448 1119 L.
474 1059 617 1118 Caecilium
644 1059 791 1117 Metellum

59 1141 156 1219 prioris
169 1140 233 1197 anni
246 1139 393 1210 consulem,
415 1155 473 1198 mm
490 1140 605 1216 praetura
621 1140 792 1210 fungentem,

58 1221 93 1278 ad
108 1221 252 1279 Arretinos
266 1219 405 1278 obsidione
422 1220 572 1278 liberandos
589 1220 791 1298 quamprimum

58 1301 160 1359 coaslis
181 1301 268 1376 copiis
290 1300 363 1373 exire
383 1299 485 1357 senatus
504 1300 585 1374 juffit.
630 1300 677 1357 Ne
700 1313 792 1361 tamen

59 1388 161 1440 temere
176 1378 313 1456 sumptum
328 1379 379 1438 effe
394 1379 494 1438 bellum
507 1379 651 1451 videretur,
669 1380 790 1456 praemit-

60 1461 204 1531 tilegatoa
223 1457 333 1535 placuit,
353 1461 524 1517 nunciaturus
539 1461 676 1515 Arretium
694 1463 724 1516 in
733 1457 794 1532 fide

60 1541 235 1599 &manorum
251 1538 317 1612 effe.-
328 1539 474 1616 justissque
482 1540 606 1612 fassurus
623 1538 709 1593 videri
724 1537 791 1594 Gal-

59 1621 103 1693 los,
124 1617 324 1696 qnandosaedus
337 1637 394 1676 cam
405 1619 518 1675 Romano
528 1617 618 1692 populo
632 1615 755 1686 habeant,
765 1615 793 1691 ſs

59 1696 185 1758 adversus
196 1701 288 1754 amicos
299 1710 377 1774 atque
382 1699 464 1775 socios
468 1699 637 1775 juventutem
642 1695 721 1771 suam
735 1710 794 1752 eou-

60 1782 119 1839 daci
137 1798 189 1837 non
205 1781 358 1853 patiantur.
398 1779 470 1837 Haec
488 1777 587 1849 legatio
605 1795 691 1854 quum
709 1795 793 1853 pagos

63 1862 203 1920 Senonum
223 1859 392 1931 circumiret,
415 1859 571 1918 Britomaris
592 1857 703 1936 quidam
725 1857 793 1928 regii

61 1941 166 2012 generis
181 1938 259 1996 ferox
272 1938 432 2010 adolescens,
453 1942 530 2016 cujus
543 1953 620 2016 pater
630 1941 700 1996 inter
710 1939 791 1997 Etru-

62 2021 168 2080 scorum
186 2018 284 2077 auxilia
301 2019 382 2076 caesus
400 2019 415 2077 ἒ
434 2021 566 2078 Romanis
583 2019 680 2088 fuerat,
706 2016 793 2075 inurit

62 2100 189 2160 undietae
207 2098 353 2174 cupiditate
373 2098 495 2170 flagrans,
517 2117 573 2154 non
589 2098 713 2153 homines
730 2114 792 2152 mo-

63 2179 98 2239 ds
113 2179 332 2256 comprehensos,
353 2178 398 2236 sed
410 2179 498 2254 &ipsa
510 2176 662 2233 sacrosansti
675 2173 794 2231 muneris

63 2260 185 2332 insignia,
206 2259 360 2318 minutatim
374 2258 494 2315 dissecuit
509 2255 661 2332 sparsitque.

103 2342 148 2400 II.
172 2339 226 2396 Rei
244 2353 299 2396 tam
315 2340 412 2396 atrocis
430 2337 500 2394 sama
517 2355 602 2412 quum
619 2334 682 2392 hinc
701 2333 729 2390 in
747 2352 792 2388 ur-

65 2421 139 2493 bem,
160 2418 225 2476 iude
243 2420 272 2476 in
288 2419 369 2476 castra
384 2415 534 2476 Dolabellae
551 2413 665 2473 consulis
683 2412 794 2470 accidis-

66 2502 110 2573 set,
131 2499 241 2558 irritatis
252 2498 427 2557 vehementer
439 2498 545 2568 animis,
567 2495 668 2553 bellum
682 2495 793 2552 Senoni-

67 2581 114 2639 bus
134 2579 269 2637 indislum
288 2578 340 2635 est':
366 2580 505 2653 statimque
522 2575 612 2635 missos
630 2575 696 2632 fecit
713 2575 793 2630 Etru-

66 2660 121 2719 scos
137 2656 291 2728 Dolabella,
312 2659 465 2734 magnisque
482 2655 621 2713 itineribus
639 2674 703 2711 curn
717 2672 793 2709 exer·

67 2742 120 2799 citu
142 2758 194 2816 per
210 2737 338 2795 Sabinum
359 2759 389 2795 ac
410 2738 539 2794 Picenum
560 2752 656 2803 agrum
676 2730 710 2787 ad
730 2730 797 2787 fines

70 2821 207 2879 Senonum
219 2818 367 2877 contendit,
397 2818 515 2875 Senones
526 2812 612 2870 subito
625 2810 740 2869 hostium
754 2810 794 2866 in-

50 2951 53 2955 .
69 2901 154 2970 cursu,
176 2903 202 2954 δι
216 2896 320 2955 absente
333 2900 472 2976 copiarum
487 2894 591 2951 suasum
604 2890 712 2960 robore,
732 2910 795 2951 cum

70 2981 160 3056 paucis
175 2982 202 3036 &-
216 2976 358 3038 inconditis
373 2987 542 3040 occurrentes
557 2970 634 3034 tuelle
652 2969 795 3052 profligau-
