1956 3736
205 165 261 224 106
356 161 771 221 Ειιιιιιιιτιοιιιι

107 292 136 339 1¹·
151 292 228 356 enin
250 293 401 352 universum
420 293 531 350 summae
552 293 590 348 rei
609 289 762 349 discrimen.
799 290 933 349 AEmilius

125 371 168 416 4⁰·
198 375 282 443 enim,
304 374 421 431 tumultu
441 372 659 429 concurrentium
678 372 783 442 audito,
803 373 932 446 praetorio

32 447 34 450 ’
198 453 328 524 egressus,
354 455 495 529 postquam
515 471 619 508 caecum
641 452 777 508 ruentium
802 451 836 507 ad
856 470 933 509 arma

197 535 331 610 impetum
350 552 475 590 revocare
494 545 539 588 aut
553 531 637 590 sistere
656 552 706 589 nec
721 531 798 588 sacile
816 551 867 589 nec
886 546 930 588 tu-

196 626 256 669 tum
273 613 424 683 videbatur,
445 610 578 670 utendum
596 611 693 669 ardore
711 613 830 669 militum
846 617 871 667 ὅσ
886 631 932 669 ca-

196 692 255 749 sium
273 694 302 749 iu
319 693 485 752 occasionem
501 691 661 750 vertendum
681 692 795 768 putavit.
830 691 932 748 Educit

195 774 288 850 ltaque
314 775 405 851 copias
432 772 535 844 castris,
564 770 718 829 &ordines
741 773 932 848 interequitans

198 853 321 911 hortatur
333 868 363 911 ut
377 855 523 930 expetitam
536 866 673 929 tantopere
688 872 805 928 pugnam
819 853 875 927 pari
888 872 932 907 ar-

198 933 266 991 dore
291 934 461 1010 capesserent.
498 933 584 990 Simul
608 932 704 989 Nasica
727 932 873 1008 praemissus
898 931 933 1003 ad

199 1014 407 1091 explorandum,
428 1033 483 1091 quo
503 1014 532 1070 in
550 1014 615 1071 statu
630 1032 671 1070 res
689 1013 770 1070 essent
787 1014 856 1069 inter
875 1013 932 1087 pri-

199 1114 272 1152 mam
288 1095 387 1151 cientes
405 1113 534 1169 pugnam,
555 1093 699 1151 adventare
712 1093 838 1151 iustrusto
852 1112 932 1150 exer-

190 1175 255 1236 ,citu
269 1176 392 1232 Perseum
404 1173 551 1230 nunciavit.
911 1200 914 1206 ·

240 1273 268 1312 2.
292 1254 376 1310 Primi
397 1252 521 1310 Thraces
544 1252 717 1322 incedebant,
747 1252 816 1313 truci
836 1252 930 1322 vultu,

188 1352 311 1410 ¹corpore
322 1352 445 1408 procero,
455 1331 652 1412 splendentibus
660 1334 731 1390 miro
742 1332 863 1390 candore
870 1333 931 1407 cly-

194 1413 255 1490 peis
268 1412 364 1470 laevam
379 1407 503 1487 protedti.
522 1407 681 1470 Humerum
696 1427 840 1488 utrumque
853 1412 932 1481 nigra

187 1492 324 1551 -vesliebat
335 1492 474 1579 chlamys:
491 1492 525 1549 ab
540 1491 654 1552 dextro
647 1511 797 1548 immanem
809 1491 931 1566 pondere

189 1575 326 1631 >frameam
345 1565 494 1629 identidem
512 1571 690 1629 coruscabant
709 1573 787 1645 juxta
807 1572 931 1628 Thracas

187 1654 337 1714 constitere
351 1652 485 1715 mercede
495 1651 629 1709 condusta
640 1650 747 1721 auxilia,
768 1650 896 1713 diverso
887 1670 930 1711 tu-

196 1751 237 1792 ter
250 1735 276 1792 se
291 1752 341 1809 pro
355 1731 470 1792 diversis
479 1726 631 1791 nationibus
644 1745 752 1789 armatu.
762 1731 928 1807 habituque:

186 1814 225 1872 ,i'n
242 1814 285 1870 his
299 1817 325 1867 ιι
341 1813 451 1868 Paeoues
470 1811 554 1870 suere.
589 1809 700 1868 Subibat
714 1829 816 1880 agmen
830 1811 929 1873 Mace·

195 1891 300 1948 donum
315 1890 443 1966 ipsorum,
463 1908 546 1965 quam
560 1889 762 1966 Leucaspidem
768 1886 929 1982 phalangem

195 1969 381 2046 appellabant:
404 1969 501 2025 delesti
515 1983 650 2047 quotquot
669 1970 767 2029 robore
784 1990 815 2028 ac
829 1971 930 2033 virtute

188 2049 360 2127 praestabant,
381 2048 514 2118 fulgentes
530 2050 627 2107 auratis
641 2051 721 2106 armis
738 2049 819 2126 sagisq
820 2069 854 2106 ue
874 2070 928 2127 pu·

193 2130 288 2189 niceis.
318 2130 363 2202 Ea,
373 2129 463 2186 media
480 2129 549 2187 acies
563 2129 625 2187 suit.
659 2130 723 2187 Hos
741 2071 927 2206 sequebantur,

155 2280 157 2283 ι
193 2230 263 2287 quos
276 2208 309 2266 ab
324 2209 400 2267 aereis
412 2208 558 2286 lucidisque
570 2207 673 2283 clypeis
684 2209 871 2287 Chalcaspidas
885 2208 928 2267 di-

193 2290 301 2359 cebant,
322 2303 367 2346 aut
380 2289 548 2366 Aglaspidas.
583 2289 655 2345 Haec
666 2289 784 2364 phalanx
795 2292 873 2364 juxta
885 2289 927 2352 al.-

193 2386 279 2428 teram
294 2371 323 2426 in
341 2367 438 2431 dextro
454 2388 539 2427 cornu
556 2368 643 2425 locata
660 2368 706 2428 est.
739 2369 839 2427 Praeter
857 2369 927 2434 hane

186 2464 336 2520 ,utramque
358 2444 532 2522 phalangem,
550 2448 633 2546 ¹quod
655 2449 823 2526 praecipuum
844 2449 928 2508 robur

193 2541 250 2584 erat
272 2525 447 2583 Macedonici
468 2528 611 2596 exercitus,
633 2529 736 2597 cetrati,
758 2528 927 2587 Macedones

193 2611 220 2663 δι
233 2605 292 2681 ipsr,
314 2604 409 2661 sarissas
427 2620 548 2675 gerentes
563 2607 796 2699 quemadmodum
815 2609 926 2683 phalan-

193 2686 266 2758 gitae,
288 2701 376 2744 cetera
396 2685 481 2743 levius
504 2687 609 2754 armati,
632 2687 659 2742 in
681 2706 781 2743 cornua
801 2688 878 2746 divisi
898 2710 927 2746 e-

103 2797 107 2803 ·
192 2782 262 2837 rant,
267 2777 344 2824 'ante
359 2765 490 2842 reliquam
505 2767 590 2825 aciem
605 2767 716 2841 projesli
727 2772 752 2822 δε
765 2768 925 2831 eminentes.

193 2847 326 2916 Fulgebat
340 2866 449 2920 campus
464 2866 600 2907 armorum
618 2844 775 2937 splendqre:
797 2848 927 2908 clamori·

192 2924 243 2981 bus
257 2927 456 2985 cohortantium
473 2925 544 2983 sese'
537 2926 654 2983 invicem
669 2925 751 2982 vicini
766 2928 851 2987 colles
865 2948 926 3004 per·

191 3003 327 3071 sonabunt.
363 3007 472 3065 Harum
490 3007 614 3066 omnium
627 3004 768 3083 copiarum
786 3009 926 3087 prodeun-
