1956 3736
168 182 231 266 't98
291 181 755 263 .J.Fuarurururrr

74 316 147 372 tec.
169 318 251 385 capto
271 303 398 384 superbae
419 303 614 376 Carthaginem
633 315 828 376 reverteretur,
853 301 897 361 ob·

84 397 143 450 497·
170 390 243 446 viam
263 387 344 445 effusa
362 385 530 446 urbanorum
548 385 708 457 multitudo,
729 386 776 444 alii
795 386 825 443 iu
840 385 899 443 vicis

76 457 144 504 ⁴¹⁰·
170 481 216 526 aut
236 467 365 526 domibus
388 466 571 538 consistentes,
597 466 750 524 incredibili
772 486 839 525 cum
856 485 899 524 vo·

89 531 146 580 ⁸55⁹
168 549 282 624 luptate,
303 547 464 626 spectaculo,
485 549 565 626 quale
583 547 664 625 paulo
678 546 741 604 anti
756 548 804 605 vix
818 560 900 625 optare

168 628 223 687 aust
242 629 336 702 client,
357 628 530 687 fruebantur:
552 629 600 687 le
611 642 700 690 ,tante
714 627 852 687 felicitatis
865 625 901 686 vel

167 708 312 782 gaudium,
337 710 382 768 vel
403 710 484 767 etiarn
504 709 586 767 iidem
609 708 779 788 capientibus
801 709 901 767 animia.

170 791 230 868 Qui
246 792 321 849 enim
335 788 420 849 modb
436 790 560 868 proxime
572 789 786 868 desperationem
801 787 903 849 addulli

167 885 228 929 -tron
247 874 388 944 regionem
406 871 511 930 tantum
525 868 609 944 suam,
630 870 675 930 sed
696 864 796 929 urbem
815 872 902 949 ipsam,

168 973 240 1025 aras,
261 955 339 1012 focos
353 953 475 1011 amittere
488 953 643 1025 timuerant,
665 953 803 1011 iitantum
821 969 903 1011 rerum

169 1036 416 1093 commutationem
436 1031 523 1092 subitd
545 1032 643 1091 fultam
664 1033 728 1104 elle,
754 1052 903 1112 quanquam

171 1115 307 1188 viderent,
328 1117 375 1174 vix
395 1114 528 1173 audebant
549 1113 669 1173 credere.
713 1114 769 1172 Sed
791 1111 904 1172 maximi

171 1197 201 1253 in
221 1198 290 1274 ipsos
312 1195 395 1254 duces
415 1195 512 1253 intenti
532 1196 656 1254 omnium
679 1195 752 1252 oculi
772 1195 904 1273 animique

168 1288 263 1334 erant:
285 1296 371 1353 quum
389 1273 475 1333 modo
489 1275 689 1353 Xanthippum,
711 1273 799 1332 modd
815 1276 903 1346 Regu-

171 1356 228 1413 lum
245 1357 390 1427 intuentes,
410 1357 491 1431 hujus
506 1356 678 1415 aestimatione
691 1356 903 1428 magnitudinem

164 1435 210 1493 itti
224 1437 391 1514 imperatoris
404 1437 563 1494 metirentur
575 1437 799 1513 extollerentque.
815 1438 902 1512 Qen-

170 1529 227 1575 tam
247 1518 320 1575 illem
335 1517 382 1592 effe
397 1522 485 1576 virum
499 1529 625 1593 opertere,
646 1520 691 1593 qui
704 1517 792 1575 ederem
806 1521 900 1576 areeri·

172 1617 251 1669 mam,
265 1600 439 1673 fortunatam
452 1600 610 1670 bellatorem,
626 1599 900 1675 victoremsuperbum,

172 1679 266 1754 hostem
285 1681 481 1756 implacabilem,
502 1692 629 1737 terrerem
644 1680 788 1755 pestemque
807 1698 904 1760 magra

172 1760 355 1833 Carthaginis,
380 1765 498 1819 exercita
509 1761 698 1835 flereatifflme,
718 1761 901 1834 existimatione

171 1838 331 1913 empleffiml,
352 1841 475 1898 libertate
488 1841 595 1915 denique
608 1839 664 1916 iij
673 1854 728 1898 tam
734 1842 825 1915 sarili
839 1855 900 1899 tam·

169 1937 218 1993 qee
238 1919 357 1975 celeriter
376 1921 511 1995 exeiffiet!
548 1922 674 1991 Augebat
699 1920 900 1981 admirationem

170 1997 277 2056 habitur
295 1998 358 2071 viri,
380 1998 456 2078 quod
477 1999 524 2058 sub
546 2002 651 2072 exiguis
669 2003 813 2074 membris,
835 2004 899 2080 alpe-

170 2080 269 2157 ctuque
293 2099 350 2138 non
374 2082 455 2140 nimir
476 2081 593 2154 decoro,
619 2083 762 2155 ingentem
779 2086 900 2144 virtutem

169 2163 361 2222 occultaverat.
405 2163 513 2240 Quibus
533 2182 567 2221 ex
589 2164 667 2222 rebus
688 2164 808 2223 multum
832 2167 898 2225 Xen-

169 2243 267 2320 thippo
288 2243 392 2315 gloriae,
413 2243 458 2302 sed
476 2263 527 2302 nec
546 2245 634 2302 minus
652 2244 766 2302 invidiae
783 2246 899 2307 nasceba-

170 2333 224 2381 tur.
268 2325 333 2401 Qu
354 2325 383 2381 in
400 2326 519 2383 monstro
537 2325 707 2402 profligando
725 2345 783 2383 non
801 2329 899 2385 minore

169 2403 322 2480 prudentii,
331 2402 413 2482 quim
425 2407 453 2463 in
464 2406 536 2463 bello
548 2405 898 2486 conficiund0,ufnr,quan·

168 2502 252 2560 quarn
275 2484 417 2543 diuturnus
437 2486 486 2564 ipse
507 2486 642 2544 factorum
666 2487 778 2546 suorum
803 2489 897 2546 fruetur

169 2563 333 2635 Carthagine
344 2565 498 2638 deberetur,
507 2566 657 2646 relinquere
671 2567 729 2644 spes
743 2570 898 2648 ancipites&

167 2643 323 2704 iulidiarum
344 2647 447 2723 plenas,
468 2654 494 2705 lc
512 2661 574 2705 ante
595 2650 776 2708 mutationem
798 2652 897 2709 animu-

167 2745 241 2797 rum,
263 2740 307 2785 aut
321 2728 448 2801 sommae,
468 2728 583 2789 domum
596 2729 703 2800 regredi
714 2731 815 2793 statuit.

208 2809 321 2869 XXlX.
344 2809 410 2868 Hoc
422 2810 496 2868 enim
509 2810 670 2889 plerumque
686 2810 799 2882 ingenio
812 2810 895 2871 horni-

166 2907 216 2947 nea
234 2905 327 2964 agunt,
348 2904 380 2949 ut
397 2893 491 2969 patriae
509 2891 627 2950 studium
644 2892 674 2948 in
687 2910 745 2964 ore,
766 2895 896 2971 privatum

165 2968 195 3026 in
216 2971 308 3028 animo
328 2972 415 3044 magia
434 2972 560 3034 babeant.
586 2972 669 3045 igitur
688 2975 820 3052 quamdiu
840 2974 896 3054 qui·

74 3082 76 3087 >
165 3047 232 3111 dem
249 3050 367 3115 bonoim
380 3051 680 3136 adrumentorum
697 3055 809 3119 civitate
824 3072 893 3137 qum
