1956 3736
170 166 359 225 Surrenti.
384 161 680 223 L.XX.L1vrnu.
738 163 796 240 287

58 322 123 361 curn
147 301 244 358 ceteris
268 300 385 358 hostiurn
409 300 495 376 copiis
516 298 646 376 conjungi
671 297 775 375 possent
789 300 878 356 ;U.c.

58 380 171 458 quando
193 379 208 438 Ξι
231 380 348 437 bellandi
368 381 479 438 consilio
500 382 642 454 legationis
665 382 799 437 Romana
816 365 873 421 5²⁶·

59 462 152 520 studiis
178 463 285 519 avocari
308 461 493 538 nequiverant.
536 464 649 520 Venetis
676 462 751 521 enim
773 433 875 544 &¹252

61 544 227 600 Cenomanis
243 541 277 599 ad
290 541 484 599 instaurandam
499 562 563 599 cum
577 543 679 620 populo
691 545 797 600 Roma·

60 643 97 681 no
112 624 260 682 amicitiam
277 621 414 700 persuasis,
436 622 560 679 Insubres
576 625 689 700 Boiique
703 625 731 680 in
745 624 797 680 ho-

61 705 110 761 stili
124 705 215 762 animo
236 703 429 782 proposrtoque
443 703 587 780 perstitere.
624 705 741 762 Minutae
756 719 797 762 ta-

62 804 126 842 men
140 786 211 842 vires
227 804 325 842 eorum
339 783 459 854 suerunt,
480 803 536 840 non
550 783 615 840 ausrs
631 804 741 842 omnem
755 805 799 844 ar-

64 880 201 922 matorum
214 863 417 921 multitudinem
432 862 546 921 educere
560 865 678 935 regibus,
689 866 799 923 coatus-

63 965 117 1021 que
136 959 241 1020 partem
256 944 404 1021 juventutis
422 944 457 1001 ad
471 944 537 1001 fines
552 943 738 1002 defendendos
756 965 800 1004 re·

63 1025 195 1101 linquere.
213 1025 256 1081 Ita
271 1024 382 1102 reliquis
396 1045 459 1082 cum
470 1027 557 1102 copiis
573 1025 707 1102 (peditum
720 1026 800 1102 quin·

63 1107 191 1182 quaginta
204 1105 299 1176 millia,
320 1105 444 1183 equitum
461 1108 559 1178 viginti
579 1107 800 1180 numerabantur)

62 1186 114 1244 iter
128 1207 176 1263 per
191 1187 327 1246 Etruriam
342 1200 443 1246 tentare
457 1202 607 1265 coeperunt.

70 1308 71 1311 =
105 1268 250 1329 XXXVI.
273 1269 380 1326 Interea
395 1269 429 1327 L.
442 1268 572 1326 AEmilius
589 1269 674 1346 QF.
690 1268 744 1326 Cn.
760 1266 880 1335 ΝΛΜ),

64 1347 163 1425 Papus,
184 1349 219 1407 C.
231 1349 331 1406 Atilius
347 1350 393 1408 M.
409 1351 442 1410 F.
460 1352 505 1408 M.
523 1351 564 1409 N.
578 1349 712 1420 Regulus,
735 1368 801 1405 con·
822 1363 877 1409 5²7.

62 1429 134 1486 soles
147 1429 299 1488 Sardiniam
311 1435 337 1486 δι
352 1430 511 1488 Ariminum
529 1451 593 1488 eum
607 1431 696 1487 vicina
710 1429 802 1488 Gallia
812 1419 839 1460 A.
850 1419 880 1463 ⁰·

62 1510 217 1587 provincias
236 1510 388 1568 obtinuere.
429 1510 505 1567 Sardi
524 1512 598 1568 enirn
617 1512 719 1580 gravau
738 1528 802 1586 per-
818 1493 876 1539 ²²5⁸

61 1604 172 1668 petuam
188 1591 308 1647 Romani
326 1590 449 1666 praetoris
469 1591 649 1667 prasertim,
670 1590 802 1667 fascesque

52 1690 120 1728 'non
133 1668 195 1727 ante
208 1670 375 1746 eonspestos,
397 1671 495 1728 iterum
507 1671 664 1729 tumultuati
677 1671 800 1730 suerant:

62 1751 109 1809 sed
127 1751 179 1808 hos
200 1751 235 1811 C.
249 1750 349 1809 Atilius
369 1750 461 1808 consul
478 1750 551 1808 haud
571 1771 672 1824 magno
691 1753 805 1824 negotio

64 1831 196 1892 co'e'rcuit.
231 1833 325 1908 Major
343 1832 431 1890 moles
449 1832 485 1892 L.
496 1832 614 1890 AEmilio
633 1853 698 1891 cum
714 1833 804 1893 Gallis

63 1912 128 1983 fuit,
143 1912 269 1990 perruptas
284 1913 391 1971 Etrurid
405 1913 526 1972 Romam
542 1913 725 1975 tendentibus.
746 1915 803 1976 Eos

64 2005 181 2071 praetor,
210 1995 255 2050 eui
279 1993 386 2051 Etruria
408 1995 548 2071 provincia
571 1996 679 2053 decreta
703 1996 810 2070 suerat}

64 2094 152 2152 quum
170 2093 261 2132 arcere
280 2073 388 2131 transrtu
407 2073 575 2149 nequivisset,
596 2077 667 2130 circa
682 2076 808 2134 crustum·

64 2155 262 2233 consequutus,
286 2153 420 2230 praecipiti
440 2154 469 2209 in
491 2153 614 2209 occasum
636 2154 697 2224 die,
723 2155 805 2214 edire

64 2255 122 2295 non
136 2236 232 2313 procul
246 2235 280 2293 ab
293 2233 432 2290 hostilibus
444 2232 540 2310 posuit.
571 2233 658 2303 Galli,
674 2230 731 2310 qud
742 2235 805 2292 Ro-

66 2336 163 2375 manos
176 2316 211 2373 ad
225 2335 345 2394 pugnarn
358 2315 495 2385 elicerent,
507 2312 638 2371 meditato
651 2314 727 2385 dolo,
739 2334 805 2376 cum

66 2398 144 2455 omni
159 2396 280 2475 peditatu
293 2396 328 2454 ad
340 2396 473 2473 oppidum
487 2397 508 2452 F
511 2393 600 2452 aesulas
612 2396 744 2454 nostumo
758 2396 804 2454 iti·

66 2499 131 2536 nere
150 2478 327 2554 perveniunt:
349 2477 446 2534 relidis
466 2477 612 2553 equitibus,
633 2477 730 2555 quibus
749 2479 803 2536 im-

67 2574 191 2637 peratum
205 2558 301 2629 fuerat,
314 2571 344 2615 ut
357 2573 418 2614 orto
429 2557 474 2614 die
489 2557 691 2634 conspiciendos
704 2558 729 2616 se
744 2574 804 2616 tan-

67 2640 128 2698 tiam
164 2638 294 2697 raeberent
308 2639 438 2709 hostibus,
460 2637 559 2694 deinde
573 2640 658 2695 statim
673 2638 707 2695 ad
724 2639 803 2715 pedi.

68 2736 110 2780 tes
128 2661 314 2791 selreferrent,
335 2720 416 2777 castra
436 2718 471 2775 ad
492 2719 679 2795 recipiendum
700 2720 803 2795 equita-

68 2820 130 2860 tum
145 2800 282 2879 hostesque
297 2822 331 2860 ex
345 2799 490 2878 Improviso
504 2799 651 2856 turbandos
665 2814 728 2875 apto
741 2800 806 2858 loco

68 2883 219 2941 babituros.

111 2960 273 3021 XXXVII.
299 2961 338 3018 Ea
360 2959 431 3018 fraus
453 2960 585 3017 Romanis
608 2961 749 3038 imposuit,
774 2975 808 3023 ut

71 3042 145 3123 quast
163 3042 298 3119 fugitantes
315 3041 395 3104 avide
408 3042 589 3122 sequerentur.
604 3043 648 3101 ‘ita
661 3044 731 3104 circa
744 3044 766 3103 F
768 3062 808 3104 te·
