1956 3736
174 159 361 215 Surrnrnr.
384 153 499 214 L.XX.
523 123 681 212 Livias.
737 174 795 236 299

61 289 242 364 pugnantibus
257 289 401 369 Romanis,
422 309 491 367 quos
510 289 624 348 consulis
643 287 752 346 audacia
770 294 795 346 &
806 301 836 346 U.
849 305 874 350 e.

61 369 169 426 fortuna
189 389 244 426 non
262 370 353 426 minius
372 370 467 432 ardore
487 369 635 445 pugnandi,
656 367 738 445 quim
752 369 795 445 spe
815 379 827 419 5
834 380 874 426 3⁰·
904 385 905 388 ’

60 449 182 508 tisioriae
200 449 366 525 impleverat.
401 451 497 526 ltaque
515 470 570 506 non
589 469 670 526 eques
686 448 796 522 Gallus,
806 433 834 541 ’ζ
848 434 887 542 ξ·-

60 548 117 585 non
135 528 229 604 pedes,
251 549 404 606 quanquam
419 533 444 586 Sc
458 530 503 586 ille
517 530 569 586 suis
584 528 697 586 subsidio
712 549 795 587 vene·
833 511 846 544 ²
866 526 874 547 '

60 626 113 680 rat,
134 609 256 668 sustinere
276 610 332 667 vim
355 624 455 669 tantam
477 610 582 685 potuit:
612 628 726 686 raroque
747 629 797 668 ex-

59 688 152 764 emplo
167 689 315 764 pauciffimi
328 688 363 746 de
376 689 519 749 numeroso
535 690 658 746 exercitu·
668 689 794 764 pulcher·

60 769 158 829 rimam
172 769 313 828 victoriam
328 769 451 828 retulere.
487 769 578 826 Leuis
592 769 691 827 deinde
706 770 796 845 spoliis

58 847 94 907 ad
112 848 246 920 collegam
265 850 374 907 revertit
395 849 496 919 consul,
519 850 566 924 qui
582 850 691 907 Acerris
711 869 795 907 occu-

59 929 139 1003 petis,
160 930 208 988 ubi
223 948 349 1000 magnam
362 948 475 987 annonae
489 929 595 1004 copiam
608 929 717 1004 reperit,
738 931 792 987 cir·

59 1026 92 1066 ca
106 1008 298 1070 Mediolanum
313 1025 396 1087 caput
410 1008 562 1067 Insubrium
578 1009 724 1066 Gallorum
743 1010 793 1066 ad-

59 1086 154 1149 venus
167 1089 253 1149 hostes
270 1110 340 1160 aegre
354 1089 380 1149 se
394 1089 536 1146 tutabatur.
556 1108 620 1146 narn
634 1088 673 1145 illi
688 1089 793 1147 validis·

60 1165 135 1228 snnae
147 1168 416 1247 frequentillimaeque
431 1169 502 1227 urbis
518 1168 655 1227 obsidione
669 1169 791 1246 implica.

59 1260 118 1305 turn
133 1249 243 1307 vicissim
258 1250 332 1328 quali
345 1249 509 1307 obfidebant.
543 1248 597 1306 Sed
612 1248 729 1320 adventu
744 1250 791 1319 M,

59 1328 186 1389 Marcelli
200 1327 255 1389 εἰτὸ
270 1344 453 1391 commutatus
468 1331 504 1388 est
518 1344 609 1389 rerum
621 1330 707 1387 slatus.
729 1350 794 1388 nam

58 1413 86 1468 de
99 1408 215 1471 Gaesnae
232 1411 325 1469 audito
345 1411 416 1482 regis
435 1410 488 1468 fine
507 1409 693 1468 discesserunt:
715 1411 793 1469 &ab

56 1487 100 1549 hia
119 1491 206 1549 relisli
220 1491 437 1555 Mediolanenses
459 1489 604 1551 defendere
621 1490 718 1548 urbem
736 1510 793 1548 non

56 1582 179 1645 potuere.
212 1571 257 1629 Sic
276 1572 428 1642 ingentibus
436 1571 586 1631 'Insubrum
604 1571 690 1646 copiis
709 1570 792 1643 caesrs,

56 1647 189 1723 captique
207 1649 378 1724 Mediolano,
400 1656 425 1709 &
445 1651 555 1710 subinde
575 1651 677 1721 Cornu,
698 1665 795 1707 ceterae

56 1727 186 1805 deinceps
199 1728 289 1800 urbes,
310 1732 492 1791 &Insubrum
507 1745 563 1788 tota
574 1731 658 1800 natio,
680 1729 794 1806 pecunia

57 1812 226 1878 &agrorum
239 1812 459 1886 parternulslati,
480 1812 515 1869 de
530 1826 621 1869 cetero
638 1809 697 1867 satis
716 1810 794 1888 aequsi

56 1907 124 1964 pace
136 1888 287 1965 impetrati,
308 1891 336 1949 in
351 1891 518 1952 deditionem
531 1911 638 1949 venere.

99 1969 165 2026 LV..
188 1970 233 2029 M.
250 1972 398 2031 Marcellus
419 1972 559 2046 provincis
577 1969 699 2028 consens
718 1971 791 2029 cele·

56 2046 204 2109 berriutum
225 2051 394 2125 triumphurn
419 2050 454 2109 de
476 2049 565 2118 Gallis
587 2051 791 2110 Insubribus&
837 2109 839 2112 ,

57 2126 206 2189 Germanis
220 2129 297 2189 duait
312 2126 443 2187 Kalendis
459 2126 576 2185 Martiis.
611 2128 683 2186 Haec
702 2130 791 2205 prima

58 2207 261 2270 Germanorum
281 2209 310 2269 iu
330 2207 437 2268 historia
457 2207 583 2264 Romana
602 2207 717 2278 mentio,
743 2209 791 2284 qui

55 2308 91 2346 ex
116 2289 329 2350 Transrhenanis
358 2288 481 2359 gentibus
509 2286 635 2346 mercede
663 2287 792 2347 condunt

58 2368 226 2430 Virdomaro
248 2370 364 2431 ducein
385 2368 493 2428 ltaliam
513 2383 649 2426 venerant.
684 2367 728 2425 Ex
748 2368 791 2426 his

56 2447 197 2526 Gallisque
217 2451 321 2526 captivi,
335 2450 423 2510 sormi
442 2449 589 2523 statuesque
607 2448 728 2523 corporis
748 2448 790 2505 in-

55 2530 145 2606 genti,
159 2551 270 2591 currum
282 2532 392 2593 victoris
406 2531 476 2591 inter
490 2528 571 2606 spolia
585 2529 698 2586 maximi
711 2529 792 2606 pretii

54 2608 256 2668 antecedebant.
294 2610 459 2688 Sequebatur
478 2610 530 2686 ipse
553 2609 643 2665 consul
663 2608 791 2685 rarissimo

55 2689 206 2766 spcslaculo
224 2691 283 2750 caesr
298 2692 373 2751 ducis
388 2711 462 2750 arma
477 2690 540 2767 Jovi
554 2689 675 2759 Feretrio
690 2689 789 2748 ferens.

54 2789 138 2846 quem
160 2772 335 2849 prosequutus
358 2769 373 2829 s
395 2787 471 2842 tergo
491 2769 622 2828 exercitus
644 2768 789 2844 splendidis

56 2864 166 2909 ornatus
187 2854 285 2923 armis,
313 2851 421 2909 militari
442 2849 633 2908 acclamatione
655 2863 790 2926 cantuque

52 2929 213 2993 celebrabat.
247 2933 313 2991 Hoc
333 2931 427 2993 ordine
445 2950 530 3008 quum
549 2927 584 2986 ad
604 2928 692 2988 aedem
707 2930 789 2989 Fere·

54 3008 100 3093 trii
113 3026 274 3101 perventum
289 3011 364 3087 esset,
384 3009 547 3077 descendens
561 3029 641 3073 curru
655 3010 699 3072 M.
708 3011 786 3072 Mar-
