1956 3736
148 130 154 141 ’
213 144 249 204 18
363 142 391 221 J.
424 117 782 204 Faarnsrrnrirr

116 281 149 329 υ.
159 282 187 330 α
209 272 363 333 mediorum
376 271 513 344 diligentia
529 286 616 351 quum
629 272 766 346 mitigatus
779 271 868 333 videri
884 291 935 353 po-

125 345 185 406 4⁶5·
209 352 266 424 teli,
288 353 374 424 magis
392 353 547 411 accenditur
567 352 664 422 dolori
692 373 748 412 non
768 354 860 413 multo
878 355 938 433 poli

113 412 183 520 ἥθ’
207 432 275 490 adeo
289 433 438 491 exulcerata
452 452 494 490 res
509 433 556 504 eil,
576 447 618 505 ut,
635 452 721 511 quum
734 433 836 492 tribuni
850 434 936 512 plebis

125 485 141 521 ³
158 485 184 537 7⁸
204 512 295 582 legem
307 513 341 569 de
353 513 432 570 novis
444 513 540 570 tabulis
551 513 657 571 summo
669 513 726 571 nisu
738 512 858 590 perferre
869 532 934 572 con-

203 591 355 664 tenderent,
376 612 464 670 neque
482 593 631 650 minoribus
647 607 694 650 aut
709 593 796 669 copiis
815 607 863 652 aut
877 594 934 651 ani·

201 672 257 728 mis
275 669 290 729 Ξ
308 672 485 730 creditoribus
502 673 671 744 resisteretur,
696 672 789 750 plebes
807 673 935 752 exemplo

202 752 339 827 majorum
359 753 425 810 urbe
443 753 543 824 relidi,
564 767 635 811 trans
654 771 762 810 amnem
779 755 808 811 in
822 754 933 829 Janicu·

203 829 263 890 lum
281 847 403 892 montem
422 833 571 892 secederet:
596 833 725 890 obstinato
744 833 865 904 confilio,
885 831 945 891 nili.

203 930 234 969 re
249 913 399 990 impetrati,
420 913 455 971 ad
468 927 577 992 penates
591 913 651 970 suos
664 932 719 970 non
734 912 876 972 redeundi.

244 994 377 1053 XXVII.
399 994 494 1072 Qum
509 1012 603 1071 parum
616 992 742 1051 adversita
755 991 815 1050 haec
829 993 891 1070 opis
903 991 931 1050 in
944 1035 946 1038 ψ

202 1074 354 1131 consulibus
367 1073 440 1144 eiier,
462 1073 673 1145 (M.Valerium
686 1073 819 1142 Potitumt
832 1073 930 1132 (λῶ-
961 1082 964 1087 ’

108 1149 142 1199 u·
153 1155 181 1200 d
203 1149 271 1210 lium
287 1154 390 1211 Paetunr
408 1152 484 1210 fuiffe
504 1153 668 1227 conjiciunt)
689 1152 724 1209 ad
742 1151 870 1210 ultimum
888 1171 930 1208 ar-

120 1216 181 1274 466.
202 1230 264 1288 duis
278 1231 445 1309 temporibus
458 1231 611 1289 remedium
623 1231 770 1290 deventum
782 1232 830 1303 eii,
845 1247 877 1291 ut
887 1230 929 1288 di·

107 1281 177 1392 2'32'
201 1311 288 1368 tiator
304 1311 447 1370 diceretur.
473 1311 561 1370 dinus
579 1312 615 1369 est
634 1311 859 1389 QHorteniins.
900 1310 929 1370 It

198 1390 326 1448 adhibitis
340 1411 400 1468 quae
414 1405 522 1470 tempus
536 1398 562 1449 δι
573 1391 648 1448 cansa
661 1391 809 1469 postulabat
821 1391 928 1449 fomen-

197 1470 244 1541 tis,
265 1492 351 1548 quum
370 1491 404 1530 eo
423 1470 541 1530 maxime
561 1471 678 1530 distineri
699 1490 795 1549 pacem
813 1472 929 1530 civitatis

196 1550 368 1622 intelligeret,
390 1549 465 1629 qubd
482 1551 544 1610 scita
557 1551 601 1609 iua
617 1553 765 1622 contemni,
787 1551 929 1629 legemque

197 1629 341 1690 Publiliam
355 1632 440 1709 sperni
454 1631 530 1710 plebs
544 1630 654 1702 indigni
667 1631 758 1702 ferret,
775 1649 929 1708 quanquam

198 1712 292 1769 multis
305 1712 506 1783 reluiiantibus,
527 1711 679 1770 cedendum
693 1711 862 1787 temporibus
877 1711 927 1768 elie

197 1791 315 1848 censuit:
344 1792 467 1867 novique
485 1792 547 1862 ⁴lege
568 1792 597 1849 in
616 1789 739 1848 Esculeto
758 1791 810 1848 latai
829 1791 926 1848 iterum

195 1871 343 1926 accuratius
357 1869 451 1939 sanxit,
472 1882 512 1939 at,
533 1870 601 1944 quad
613 1871 695 1945 plebes
704 1869 825 1948 jufflffet,
847 1889 926 1927 omres

194 1947 317 2020 Qirites
331 1960 439 2004 teneret.
475 1949 531 2006 His
549 1950 657 2027 aliisque
674 1950 828 2008 lenimentis
846 1969 924 2008 revo-

194 2027 253 2084 cati
267 2027 302 2085 ad
314 2027 489 2085 concordiam
503 2033 527 2086 δι
543 2028 611 2087 lares
625 2029 685 2088 suos
701 2029 792 2108 plebe,
812 2029 925 2087 didlator

194 2107 249 2166 live
266 2107 355 2166 morbi
372 2106 455 2166 subiti
468 2109 507 2180 vi,
527 2109 582 2167 save
599 2111 671 2168 curis
683 2115 709 2167 tr
722 2110 861 2168 laboribus
875 2130 923 2189 op·

195 2189 305 2261 prellus,
324 2187 399 2266 quod
413 2202 489 2246 antea
500 2190 604 2265 nemini
618 2190 776 2261 contigerat,
797 2191 827 2247 in
840 2190 924 2260 magi-

194 2269 274 2326 llratu
289 2283 411 2326 mortuus
426 2270 472 2328 eli.
508 2270 579 2327 inde
596 2270 685 2327 minor
699 2269 865 2346 aliquamdiu
878 2288 923 2327 or·

191 2347 290 2423 dinum
305 2350 334 2405 in
348 2349 413 2405 urbe
427 2349 548 2406 diiienfio
562 2349 623 2409 fuit.
650 2347 695 2407 sed
708 2350 818 2426 imperii
832 2349 923 2408 ienfim

193 2427 344 2484 deformata
362 2427 487 2497 dignitas,
512 2448 596 2505 quum
617 2427 696 2506 plebe
715 2431 750 2488 ad
769 2429 921 2487 ambitioso·

192 2522 255 2563 rum
269 2506 412 2562 hominurn
423 2506 530 2564 fraudes
543 2527 640 2585 parum
654 2508 739 2579 canti,
758 2514 795 2579 tr,
816 2510 859 2567 vel
872 2528 921 2586 po·

193 2585 292 2641 testatis
310 2585 466 2642 exercendae
485 2587 573 2659 causi,
615 2588 756 2646 nibussibet
776 2589 920 2660 rogationi

186 2663 243 2732 bus
261 2664 423 2741 accipiendis
442 2666 524 2739 facili,
550 2610 636 2726 muira
656 2669 837 2741 sciscerentur,
863 2680 923 2749 qu'ae

191 2745 345 2823 reipublicae
365 2744 458 2818 decus,
483 2752 510 2804 tr
527 2747 562 2805 ad
580 2760 733 2806 extremum
751 2749 807 2826 ipsa
825 2749 920 2808 funda·

117 2866 119 2871 ι
190 2840 281 2883 menta
303 2827 507 2886 convellerent:
536 2827 732 2886 documentum
756 2829 859 2900 insigne
879 2840 919 2886 res

186 2905 352 2978 regentibus,
373 2926 408 2965 ne
425 2907 531 2979 vulgus,
553 2907 579 2984 fi·
590 2926 618 2963 re
635 2907 760 2965 familiari
774 2906 919 2967 commodi

82 2986 87 3053 2
187 2983 228 3040 nti
240 2987 327 3062 polilt,
343 2988 446 3065 majora
459 3006 516 3050 non
526 2988 717 3065 cogintnnn,
733 2989 841 3066 injuriis
851 3001 917 3069 titt
