1956 3736
156 151 228 237 '¹5²
324 154 350 232 J.
388 152 757 212 Psarnsstsssrs

75 303 111 354 υ,
122 308 149 355 ς,
171 301 233 342 sose
252 280 435 360 Tyndaritani
455 280 597 355 proximos
615 278 641 338 se
661 278 795 356 periculo,
815 281 841 335 ds
860 297 898 335 au·

90 372 148 434 4⁸9·
172 364 237 424 xilia
250 361 331 434 longe
342 361 396 420 esse
413 374 565 431 cernentes,
586 380 673 438 quum
688 360 739 438 ipsi
752 379 861 438 quoque
872 358 901 415 (le

78 442 149 489 Μ·
173 443 301 503 tradenda
322 441 454 500 Romanis
475 442 542 498 urbe
567 440 759 512 consultarent,
786 439 802 499 i
823 439 902 498 Ptenis

91 505 148 569 ²⁶³·
171 525 302 603 prohibiti
316 522 385 581 sunt.
406 542 472 581 nam
490 523 529 580 illi
551 541 586 579 ex
599 521 681 579 rebus
696 521 759 598 ipsis
773 522 902 597 conjedu-

170 605 201 664 rt
214 604 292 682 capti
310 603 378 682 quid
398 616 531 675 ageretur,
552 602 687 678 primores
705 603 824 660 civitatis
842 600 903 661 obst·

171 685 240 744 dum
255 687 318 743 loco
334 685 491 761 Lilybaeum
507 697 671 741 avexerunt:
694 683 778 740 etiam
792 684 905 742 frumen

172 782 214 838 to,
236 766 313 839 uino,
333 781 539 843 ceterarumque
552 784 644 822 rerum
662 778 791 841 apparatu
808 764 905 842 abspor-

170 861 239 908 tato.

213 929 346 988 XLVII.
368 928 423 986 His
438 926 606 1003 temporibus
621 925 734 983 Otacilii
750 925 833 983 Crassi
847 943 905 983 con·

171 1009 235 1070 sulis
250 1010 323 1068 utilis
341 1009 544 1068 &conveniens
558 1008 692 1064 Romanae
707 1007 858 1084 disciplinae
873 1005 885 1063 s
898 1039 907 1050 ·

172 1093 272 1149 veritas
291 1091 352 1149 suit.
373 1090 421 1166 qui
439 1089 539 1146 milites
551 1087 585 1145 ab
599 1087 735 1144 Annibale
748 1089 823 1165 turpi
837 1088 907 1165 patio

173 1171 367 1230 incolumitatis
387 1169 435 1227 sub
456 1172 555 1244 jugum
580 1167 686 1238 missos,
715 1183 792 1225 extra
812 1169 906 1227 vallum

174 1252 285 1310 tendere
296 1252 377 1325 jusit,
399 1263 430 1305 ut
444 1249 562 1307 hostium
576 1249 774 1306 incursionibus
791 1248 907 1326 expositi,

172 1350 262 1408 neque
277 1331 340 1388 alibi
353 1327 436 1407 quim
451 1331 479 1385 ln
493 1330 593 1387 virtute
606 1329 680 1406 spem
693 1329 837 1402 habentes,
848 1348 908 1387 con·

173 1412 342 1470 firmarentur
360 1410 468 1481 culmis,
490 1409 621 1488 armisque
640 1409 731 1487 potiris
748 1409 833 1487 quim
851 1412 907 1468 loco

65 1516 70 1524 ·
173 1492 200 1551 se
214 1491 283 1549 tueri
295 1491 435 1550 discerent.
479 1491 540 1548 Post
554 1491 612 1547 baec
626 1497 651 1547 δι
666 1491 716 1547 alia
732 1511 790 1549 non
803 1492 907 1568 majoris

63 1613 65 1620 ,
174 1573 309 1632 momenti
328 1573 408 1644 gesta,
429 1591 516 1650 quutn
532 1572 619 1628 hiems
634 1572 802 1646 immineret,
824 1571 907 1651 praest·

173 1653 227 1712 diis
246 1674 294 1731 per
311 1667 464 1732 opportuna
478 1653 538 1711 loca
552 1651 694 1728 dispositis,
715 1654 850 1725 consules,
870 1673 907 1710 re·

174 1735 252 1812 liquo
265 1737 385 1794 exercitu
398 1735 427 1790 in
441 1734 548 1791 Italiam
563 1747 710 1810 reportato,
732 1734 856 1792 Romam
869 1753 908 1792 re·

173 1814 292 1873 dierunt.
335 1814 380 1870 Ibi
402 1813 459 1870 M‘.
477 1814 602 1884 Valerio,
623 1815 700 1889 cujus
720 1833 755 1871 eo
778 1814 852 1872 bello
870 1815 908 1872 se·

173 1893 253 1952 licior
271 1898 296 1950 δι
313 1894 406 1950 utilior
423 1910 504 1967 opera
523 1893 621 1963 suerat,
641 1895 799 1972 triumphus
819 1896 908 1958 decre·

172 1984 237 2031 tus:
258 1992 341 2050 quem
363 1984 425 2030 ante
443 1971 519 2030 diem
539 1974 627 2033 XVI.
642 1973 783 2033 Kalendas
803 1977 908 2054 Apriles

171 2052 210 2112 de
236 2054 328 2112 Ptenis
351 2057 376 2131 §a
402 2072 465 2125 rege
491 2054 645 2112 Siculorum
671 2057 799 2116 Hierone
824 2057 906 2116 duxit.

174 2135 385 2195 Praetervestum
403 2135 474 2193 inter
491 2135 574 2212 spolia
587 2136 764 2208 horologium
780 2139 832 2197 esse
849 2139 907 2197 ideo

172 2216 332 2275 adnotatum
346 2217 393 2289 est,
414 2217 477 2294 qnia
490 2236 534 2274 res
546 2216 581 2274 ad
595 2237 655 2275 eam
668 2217 744 2276 diem
755 2218 909 2298 incomper-

172 2312 202 2355 ta
216 2299 316 2356 Romae
330 2297 426 2356 suerat.
447 2297 477 2355 id
490 2297 586 2355 Canni
603 2297 710 2376 recepti
726 2299 907 2376 deportatum,

171 2378 274 2436 deinde
290 2378 319 2435 in
338 2378 447 2454 publico
461 2378 608 2436 secundism
623 2379 719 2436 Rostra
736 2380 766 2436 in
785 2383 907 2439 columns

175 2458 304 2516 Valerius
318 2459 415 2516 statuit.
449 2457 583 2537 Idemque
598 2459 716 2518 tabulam
731 2461 760 2517 in
775 2481 829 2540 qua
841 2475 907 2538 prae·

174 2538 242 2596 lium
257 2557 313 2614 quo
327 2539 424 2596 Poenos
439 2540 631 2598 &Hieronem
645 2541 906 2621 vicerat‚.depiiiunt

173 2619 236 2690 fuit,
258 2619 286 2675 in
307 2617 390 2677 latere
409 2621 491 2678 eurise
511 2621 635 2678 Hostiliae
656 2624 816 2698 proposuit:
836 2619 906 2701 quod

173 2715 236 2759 ante
248 2719 312 2759 eum
326 2700 390 2759 lecit
404 2720 497 2772 nemo,
518 2702 610 2778 polica
623 2701 756 2779 plerique.
801 2703 906 2763 Messal-

83 2787 88 2799 “
161 2781 208 2840 -lae
222 2803 376 2854 cognomen
389 2783 453 2840 huic
468 2784 580 2841 Valerio
594 2784 628 2840 ab
644 2783 711 2841 urbe
725 2785 849 2844 Messana
867 2785 905 2842 iu·

173 2862 264 2922 ditum
277 2865 356 2922 fuisse
374 2865 484 2923 constat.
506 2864 551 2922 sed
568 2866 655 2922 miror
671 2865 704 2922 ab
718 2886 749 2922 ea
763 2882 841 2944 capta
854 2868 906 2924 lne-

173 2940 238 3011 siste,
250 2963 306 3002 non
321 2945 527 3003 contemnendis
541 2945 693 3003 audioribus
708 2946 802 3005 credi:
824 2965 902 3028 quum

174 3021 264 3096 petiis
285 3022 351 3088 ideo
374 3026 529 3104 impofiturn
550 3026 612 3108 ipsae
636 3046 679 3087 res
703 3029 845 3094 evidenter
867 3046 905 3088 tr·
