1956 3736
75 124 266 185 Surenam.
289 121 613 186 L.XIV.L1'v1au.‘
673 128 721 206 89

60 261 196 340 ninasque,
218 266 244 319 dc
264 257 399 338 postremd
420 260 557 340 supplicia,
578 278 708 339 praeceps.
721 262 751 311 U·
763 263 813 313 ca

60 360 106 400 raec
119 359 223 414 tamen,
241 343 303 420 quia
317 345 471 401 communis
484 343 550 400 boni
566 343 654 421 specie
668 356 709 400 te·
730 329 802 389 47⁶·-

60 435 118 496 rtur,
139 439 288 500 utcumque
301 423 458 484 tolerabant.
501 423 644 502 Postquam
661 397 793 525 au-A2'7g‘·

60 524 102 562 eos
120 504 201 581 ipsos,
221 524 339 581 quorum
359 505 489 562 beneficio
509 500 627 562 maxime
642 504 711 561 Sici·
797 510 800 515 '

60 585 219 655 obtinuerat,
236 585 356 643 interimi
369 585 462 644 videre
470 609 480 653 ;
500 604 556 642 uon
571 584 712 662 paulatim,

60 664 164 723 emori
183 665 346 742 interpositi,
368 665 413 724 sed
432 663 519 724 subito
537 665 633 724 aversis
652 666 713 722 ani·

64 744 144 803 multi
158 746 252 823 populi
270 746 305 803 ab
318 748 376 822 ejus
391 746 509 804 amicitia
528 744 712 816 desciscentes,

60 825 135 903 tique
162 841 348 905 opportunum
372 839 444 898 erat,
469 827 514 884 alii
536 826 642 898 Poenis,
667 826 714 884 alii

61 907 155 965 ertinis
179 908 205 965 se
229 908 439 985 applicaverunt.
482 906 564 965 Adeo
583 905 716 966 nimirum

60 987 135 1058 litas,
157 987 239 1047 etiarn
253 1008 339 1066 quum
356 988 410 1046 sola
423 988 471 1059 est,
491 987 596 1064 semper
614 987 716 1058 gravis,

60 1086 86 1126 ss
105 1068 136 1126 fit
153 1067 338 1141 intolerabilis,
359 1070 500 1147 postquam
518 1066 646 1126 adversus
664 1067 717 1125 be·

60 1149 126 1206 titos
146 1150 273 1221 exercita,
294 1150 410 1227 propriis
427 1149 497 1208 odiis
516 1151 600 1208 etiam
618 1148 717 1220 ingrati

60 1228 130 1307 lique
144 1231 228 1288 animi
241 1228 442 1289 detestationem
455 1230 587 1306 adjunxit.

60 1310 145 1368 VIII.
167 1311 250 1368 Hanc
265 1325 357 1368 autem
370 1312 399 1368 in
412 1312 591 1370 neceffitatem
603 1310 632 1368 vi
646 1329 716 1370 cun·

60 1389 174 1448 mandi
193 1391 218 1449 se
237 1390 356 1448 maxime
374 1392 482 1449 videtur
502 1392 626 1463 induisse,
647 1391 717 1451 dum

60 1490 70 1528 s
95 1471 204 1528 suorum
226 1471 417 1548 cupiditatibus
443 1469 610 1550 consiliisque
633 1470 717 1529 nimis

60 1550 144 1630 uitur.
188 1552 244 1609 His
263 1551 339 1609 enim·
357 1570 432 1628 opes,
453 1553 547 1608 amicis
565 1564 611 1608 aut
624 1550 717 1608 neces·

73 1632 233 1702 Agathoclis
255 1631 404 1709 ademptas,
426 1632 500 1689 dono
518 1631 610 1702 dabat,
630 1629 718 1688 nihilo

60 1758 64 1770 .
86 1712 192 1770 fuerant
211 1712 250 1769 illi
275 1713 452 1771 melioribus:
482 1712 649 1784 magistratus
669 1730 717 1768 ur·

88 1794 239 1870 praecipuos
267 1793 420 1851 satellitibus
444 1809 490 1853 aut
515 1791 716 1853 centurionibus

60 1873 250 1945 :ommittebat,
271 1894 358 1953 neque
376 1894 411 1933 ex
429 1875 553 1934 institutis
568 1889 613 1933 aut
629 1873 715 1932 mori-

60 1952 198 2025 ·ivitatum,
219 1973 307 2032 neque
321 1956 349 2011 in
363 1954 516 2026 legitimum
531 1970 649 2031 tempus,
670 1950 716 2011 sed

60 2034 125 2092 todo
141 2034 271 2112 &quoad
289 2034 336 2110 ipsi
355 2035 500 2111 placuisset.
544 2035 620 2092 Lites
635 2048 717 2110 atque

61 2115 185 2187 oversras,
198 2115 423 2192 publicorumque
439 2114 612 2186 negotiorum
626 2112 714 2170 admi·
792 2170 795 2174 .

60 2194 165 2253 tionem
179 2215 290 2255 ornnem
304 2194 339 2253 ad
353 2194 378 2252 se
393 2209 518 2266 traxerat,
532 2195 659 2272 pleraque
675 2192 716 2250 sa·

60 2274 131 2334 ribus
144 2277 329 2348 committens,
341 2295 409 2354 quos
423 2275 537 2334 habebat
551 2271 716 2332 avaritii'lu·

60 2375 112 2433 que
125 2355 299 2426 detestabiles,
316 2356 364 2434 qui
377 2357 506 2427 cogendis
520 2375 569 2434 per
583 2354 716 2425 flagitium

60 2434 178 2513 mdisque
194 2438 314 2512 pecuniis
331 2437 429 2514 pariter
444 2438 550 2509 intenti,
571 2437 639 2494 dum
653 2435 714 2492 libi·

62 2516 116 2574 suae
134 2516 321 2588 satisfacerent,
338 2519 382 2592 jus
402 2519 579 2596 injuriamque
599 2519 628 2574 in
649 2534 715 2592 pro-

60 2595 243 2655 rehabebant.
273 2599 386 2654 irritatis
400 2597 437 2654 ob
449 2598 508 2655 haec
520 2597 627 2666 animis,
642 2593 716 2651 mus·

60 2675 179 2754 primum
191 2675 332 2748 homines,
353 2696 419 2734 mox
437 2678 526 2754 palam
543 2676 637 2753 queri:
660 2672 717 2731 Car

60 2760 185 2831 *prioris
201 2755 290 2833 statiis
305 2758 480 2833 panituifflt,
500 2756 530 2831 st
548 2773 616 2812 nunc
637 2757 717 2811 etiam

60 2836 120 2894 inda
133 2836 219 2894 eadem
226 2840 348 2914 forent?
373 2836 483 2912 Frustra
495 2847 613 2893 vocatam
627 2847 717 2912 recep·

60 2934 89 2973 ue
102 2915 246 2994 Pyrrham,
259 2917 288 2995 st
292 2916 398 2993 studeat
412 2916 534 2975 temulari
547 2934 638 2988 moret,
656 2934 717 2992 quos

60 3014 124 3058 trus
136 2996 287 3083 adavcniffct.
307 3017 387 3080 neque
405 3001 530 3058 acrt‘orcm
549 2997 626 3059 ullius
643 2999 717 3080 inja-

384 3077 424 3174 Η
446 3098 462 3161 ³
