1956 3736
180 131 367 195 Sunrssu.
390 125 710 196 L.XIV.Lrv1su.
749 135 812 216 sog

72 259 122 323 est.
138 271 142 278 '
165 259 288 336 Majores
301 256 410 318 alterius
426 277 470 319 ses
483 257 560 318 fuisse
573 257 640 319 visas
657 258 810 338 triumphus
820 283 851 331 υ,
862 278 896 334 cg

67 343 111 403 Ι(ἶ.
124 340 235 401 Claudii
248 339 359 400 Caninae
369 354 530 412 argumento
542 340 590 413 est,
603 360 686 418 quern
701 341 736 399 de
750 342 810 400 Lu·
827 361 887 408 47⁹·

71 423 160 495 mis,
187 418 362 494 Samnitibus,
390 420 511 494 Bruttiis,
535 421 565 480 in
587 421 742 492 magistratu
763 415 894 482 suom·

72 503 155 565 duxit
168 501 366 580 Quirinalibus.
408 502 462 560 Sed
481 521 572 563 rerum
587 502 653 561 foris
670 504 809 584 prospera·
828 491 886 543 ²⁷³⁸

70 605 134 645 rum
146 583 268 642 laenuam
278 582 402 641 nonnihil
415 581 531 641 turbavit
544 582 664 655 Sextilia,
677 604 738 661 quae
747 586 808 643 Ve-

72 665 142 725 stalis
154 665 234 735 virgo
245 681 333 742 quum
349 663 424 734 eilet,
444 663 535 721 incesti
550 677 698 740 comperta,
720 675 807 724 teme·

70 746 136 805 'ratis
151 743 337 816 religionibus,
358 742 474 802 infensos
488 743 590 802 civitati
607 744 673 800 deos
692 745 807 806 effecisse

68 825 241 886 credebatur.
261 820 307 882 sed
327 825 484 902 piaculis&
505 823 583 881 sacris
602 823 704 900 placata
723 825 807 886 deum

69 908 122 982 ira,
142 903 325 983 sacerdosque,
343 904 421 962 verso
435 903 464 962 in
482 905 596 961 noxium
613 918 694 980 caput
707 905 806 984 suppli·

66 988 125 1060 cio,
145 986 182 1045 ad
201 999 309 1064 porum
321 985 459 1047 Collinam
473 985 536 1042 viva
554 983 654 1048 desolla
671 985 719 1044 est.
756 988 806 1046 Iis·

68 1067 136 1129 dem
158 1066 311 1127 consulibus
331 1065 447 1124 coloniae
464 1063 588 1122 deduttae
605 1064 674 1136 sunt,
696 1065 765 1125 Cosa
778 1069 807 1127 in

70 1147 276 1218 Volcieutibus,
291 1151 316 1203 Sc
328 1146 356 1203 iu
370 1146 490 1204 Lucania
506 1145 632 1216 Paellum,
647 1165 707 1222 quse
724 1145 805 1205 Grae-

67 1229 111 1287 cis
125 1227 267 1287 Posidonia
283 1241 405 1284 vocatur.
427 1245 487 1284 eam
505 1226 610 1285 Lucani
628 1225 757 1302 Sybaritis
776 1247 806 1286 a·

68 1309 224 1369 deruerunt:
240 1307 274 1365 ab
286 1307 328 1365 his
342 1306 435 1367 recens
449 1307 479 1366 in
490 1306 623 1366 ditionem
637 1309 732 1386 populi
743 1309 804 1368 Ro-

65 1389 142 1452 mani
156 1402 325 1468 pervenerat.

96 1471 181 1531 .XL.
206 1470 338 1529 illustrior
361 1469 424 1532 anni
447 1468 580 1546 sequentis
602 1471 735 1529 memoria
754 1471 883 1542 enne.

64 1552 116 1631 qni
135 1551 220 1609 finem
239 1549 304 1608 belli
323 1568 379 1606 non
399 1548 543 1608 adversum
566 1550 697 1615 Samnites
717 1550 803 1610 modd
821 1542 880 1602 ⁴⁸⁰·

65 1631 237 1709 ceterosque,
262 1629 410 1688 sedetiam
434 1648 499 1686 cum
520 1629 677 1686 Tarentinis
703 1632 802 1692 attulit.
812 1611 878 1719 ᾖξ’
947 1634 950 1641 ’

67 1713 106 1774 1..
115 1712 237 1790 Papirius
249 1710 359 1781 Cursor,
373 1711 421 1786 Sp.
431 1709 566 1767 Carvilius
579 1707 726 1768 secunditm
736 1731 802 1768 con·
836 1684 849 1734 ⁷
869 1704 878 1721 ⁶

66 1792 150 1864 soles,
179 1791 310 1850 Samnites
336 1789 504 1869 Bruttiosque
526 1791 714 1848 &Lucanum
739 1811 804 1851 cum

66 1871 220 1933 Tarentino
242 1871 345 1950 populo
366 1871 517 1949 provincias
535 1871 616 1942 nesii,
637 1871 801 1950 expediatio-

65 1973 131 2015 nem
146 1953 291 2012 hominum
314 1955 387 2026 (nam
401 1952 430 2010 in
444 1952 517 2028 spem
531 1952 585 2011 hoc
603 1971 674 2012 anno
688 1953 801 2013 finiendi

65 2032 132 2095 belli
149 2054 198 2112 par
211 2032 280 2092 iliud
293 2032 433 2091 consulum
451 2032 568 2091 studiosi
586 2033 722 2093 delectum
738 2036 798 2096 sues,

65 2119 123 2190 tat)
153 2114 270 2174 consiliis
294 2112 421 2191 fastisque
440 2113 590 2182 magnificis
610 2113 798 2189 expleverunt.

65 2196 102 2256 Et
116 2196 249 2255 Samnites
267 2194 380 2274 quidem
394 2191 413 2269 ¹si
427 2192 547 2251 Carvilio
563 2191 722 2269 perdomiti,
742 2195 799 2292 pri·

64 2272 800 2433 ttfflttplitttttlllllll..lllltltl

63 2438 181 2500 ditiones
206 2438 280 2515 pacis
304 2434 319 2494 i
339 2435 473 2493 Romanis
498 2433 635 2512 impositas
660 2453 797 2512 accepere.

64 2518 100 2580 L.
111 2518 233 2595 Papirius
248 2516 365 2574 Bruttios
378 2522 404 2573 n
418 2517 544 2575 Lucanos
558 2517 663 2588 magnis
677 2516 799 2576 cladibus

63 2600 185 2661 subustos
198 2597 233 2655 ad
246 2617 341 2675 pacem
356 2597 502 2674 petendam
519 2598 661 2675 compulit.
698 2599 741 2657 Ut
758 2613 798 2657 ta-

63 2675 127 2741 men
145 2682 174 2739 in
192 2698 249 2737 uno
268 2677 417 2736 multorum
435 2678 613 2736 finitimorum
633 2679 799 2755 populorum

63 2759 146 2832 bello,
168 2759 289 2819 terminis
301 2778 418 2836 quoque
437 2759 580 2829 regionum
599 2757 715 2833 ipsarum
732 2777 796 2835 per·

63 2843 167 2912 mixtis,
188 2841 270 2899 etiam
284 2839 391 2917 Papirio
402 2858 467 2898 cum
480 2836 655 2907 Samnitibus,
676 2838 797 2896 Carvilio

63 2940 131 2980 cum
142 2921 251 2980 Bruttiis
264 2918 441 2995 Lucanisque,
451 2923 476 2975 ἀ
489 2918 596 3014 utripue
609 2937 673 2975 cum
687 2919 794 2978 Taren·

60 3000 129 3066 sinis
143 3021 185 3064 res
198 3002 261 3072 suit.
304 3000 369 3064 Nec
388 2999 461 3060 euim
479 2996 565 3059 modo
584 2997 671 3078 copiae
687 2999 807 3081 Tarenr
