1956 3736
165 166 230 244 '136
290 168 352 246 ‘J.
386 164 797 226 Farrurururr'

168 287 297 347 credibile
319 288 377 354 est;
406 287 487 345 etiam
510 286 568 365 ipso
591 289 713 346 nomine'
729 289 904 349 confirmante

170 369 362 443 conjefluram.
399 368 551 426 Messanam
570 370 644 427 enim
664 388 700 426 ex
717 369 832 428 adverso
844 370 903 429 lito·

167 449 203 504 ris
225 447 312 504 Italici
328 447 404 505 fitam
422 449 560 506 civitatem
576 448 659 525 Opici
681 449 834 508 condidisse
851 464 902 508 tra·

54 551 56 554 >
166 526 283 584 duntur:
304 548 398 606 quam,
420 530 484 607 quia
501 530 530 586 in
548 529 604 588 srnu
622 528 698 587 falcis
717 530 853 588 referente
869 529 901 588 fi·

166 624 260 677 guram
281 608 317 666 est
335 610 430 685 posita,
451 610 578 680 Siciliam,
600 609 693 680 credo,
715 611 899 687 appellarunt3

166 688 241 763 quod
255 687 429 747 advenientes
443 692 533 767 postea
545 690 640 747 Graeci
654 690 772 749 Zanclen
787 692 849 749 sunt
860 692 899 749 in·

160 769 312 844 ‘terpretati
333 772 446 848 utrique
465 771 510 828 illt
529 790 597 828 voce
618 769 736 827 diversos
756 772 831 848 apud
850 791 899 848 po·

165 848 244 925 pulos
257 849 353 908 falcem
368 850 540 921 fignificante.
562 850 636 921 inde,
655 866 686 906 ut
699 850 778 923 solet,
796 852 846 909 toti
857 853 899 908 in·

166 929 227 986 sulae
253 930 311 988 haec
336 932 479 1008 appellatio
504 929 593 1002 haefit,
621 943 651 986 ut
671 930 726 1007 ipsa
746 935 900 1009 quoque&

166 1008 281 1082 Zancle,
302 1016 328 1069 δι
342 1010 357 1070 i
372 1011 491 1088 pluribus
506 1011 595 1067 Sicilia
609 1024 763 1070 vocaretur.

209 1093 308 1149 XXII.
336 1093 424 1149 Insula
445 1111 509 1148 vero
529 1091 575 1148 ista
594 1110 680 1166 quum
699 1090 897 1164 magnitudine,

163 1184 224 1229 tum
244 1172 325 1228 etiam
346 1172 482 1229 fertilitate
503 1191 609 1241 omnes,
630 1190 691 1246 quae
711 1171 742 1228 in
763 1173 898 1231 Mediter-

160 1271 243 1309 raneo
265 1253 333 1308 mari
353 1253 426 1322 sunt,
450 1250 532 1322 longe
554 1250 712 1309 antecellit:
743 1251 809 1324 olei,
830 1253 896 1325 vini,

159 1331 290 1389 frumenti
306 1333 403 1407 optimi
418 1331 494 1408 supra
512 1331 595 1389 sidem
609 1331 700 1389 ferax:
722 1333 829 1409 populo
841 1333 896 1391 fre·

160 1430 257 1488 quens,
279 1411 466 1489 multisque&
480 1412 606 1470 maximis
625 1411 738 1469 urbibus
759 1413 796 1470 ad
817 1414 895 1471 mita·

160 1493 252 1551 culum
276 1493 398 1550 exculta:
421 1507 548 1570 portuum
569 1506 660 1550 autem
679 1491 795 1570 ficusque
815 1494 895 1552 totius

160 1573 356 1631 commoditate
370 1574 417 1631 vix
435 1573 500 1631 alius
514 1592 645 1643 magnum
662 1573 811 1649 imperium
830 1594 894 1632 con·

160 1655 267 1714 liituere
296 1653 465 1730 cupientibus
492 1652 569 1730 aequb
595 1651 709 1710 idoneus
734 1653 813 1711 locus
841 1655 891 1714 esta

161 1734 239 1793 Nam
255 1733 341 1790 Italiae
357 1735 548 1808 conjunctam
562 1732 662 1790 diversa
680 1734 756 1808 parte
771 1734 893 1792 Africam

159 1814 282 1889 respicit;
302 1813 358 1870 alio
379 1832 414 1870 ex
435 1812 516 1870 latere
537 1811 704 1870 Sardiniam:
726 1813 762 1870 ab
782 1815 893 1873 Oriente

158 1891 374 1967 Peloponnesum
389 1897 415 1947 δι
430 1892 567 1949 Graeciam
584 1892 666 1949 Ionio
683 1893 754 1951 mari
769 1893 892 1954 discretas

157 1972 258 2031 habet:
280 1971 492 2046 quaquaversum
512 1973 684 2042 navigatione
704 1970 795 2045 brevi,
817 1980 843 2032 δι
860 1973 892 2032 ad

158 2051 319 2112 emittendas
331 2051 550 2129 accipiendasque
564 2052 653 2110 classes
667 2053 806 2113 facillimi.
834 2055 891 2113 Ne·

157 2154 212 2213 que
225 2133 339 2192 dubium
352 2134 389 2190 esl
402 2132 579 2209 cupiditatem
593 2133 643 2190 hac
657 2132 889 2211 insuld'potiundI,

156 2235 239 2293 quam
258 2213 356 2271 eodem
377 2228 501 2290 tempore
517 2218 543 2270 δι
557 2212 848 2291 Romanus‘populus,
868 2219 890 2273 st

157 2293 384 2365 Carthaginiensis
402 2293 552 2365 affedabat,
573 2292 676 2350 causam
692 2292 766 2352 bello
779 2293 888 2364 dedisse,

155 2376 221 2434 licet
241 2376 291 2432 alia
311 2375 473 2432 dicerentur.
500 2393 563 2431 nam
585 2373 705 2430 Romani
725 2373 888 2433 Tarentinos

153 2470 249 2513 contra
263 2453 353 2511 foedus
369 2453 475 2528 adjutos
491 2447 659 2523 arguebant:
684 2453 763 2512 Poeni
781 2455 886 2513 societa-

150 2549 212 2594 tem
231 2554 295 2592 cum
312 2534 449 2606 Hierone,
470 2548 502 2591 ut
517 2532 643 2592 adversus
663 2532 689 2590 se
708 2533 817 2607 initam,
837 2535 886 2594 cri·

152 2615 332 2678 minabantur.

195 2697 313 2756 XXIII.
336 2695 466 2752 Ceterum
483 2713 517 2752 eo
528 2695 584 2769 jam
603 2694 734 2771 potentiae
748 2697 844 2757 civitat
856 2700 886 2756 u·'

153 2791 248 2856 traque
261 2790 428 2854 pervenerat,
450 2789 480 2833 ut
494 2776 588 2833 evitari
601 2794 657 2832 non
671 2778 803 2851 potuerit,
823 2778 884 2856 quin

152 2858 296 2935 aliquando
325 2876 485 2934 quacunque
514 2855 549 2913 de
575 2857 650 2914 causa
677 2857 881 2917 colliderentur.

153 2937 397 3010 Quemadmodum
410 2939 483 2995 enim
496 2937 604 2995 arbores
617 2956 674 2994 non
689 2956 791 3007 magno
806 2940 881 2997 inter-

152 3015 223 3075 uallo
243 3017 361 3088 conlitae,
382 3017 499 3095 aliquim
518 3017 701 3112 quideQJffiU
721 3038 780 3106 ¹²0¹}
798 3022 881 3106 imi*
