<?xml version="1.0" encoding="UTF-8"?>
<!DOCTYPE html PUBLIC "-//W3C//DTD XHTML 1.0 Transitional//EN"
    "http://www.w3.org/TR/xhtml1/DTD/xhtml1-transitional.dtd">
<html xmlns="http://www.w3.org/1999/xhtml" xml:lang="en" lang="en">
 <head>
  <title>
</title>
<meta http-equiv="Content-Type" content="text/html;charset=utf-8" />
  <meta name='ocr-system' content='tesseract 3.04.00' />
  <meta name='ocr-capabilities' content='ocr_page ocr_carea ocr_par ocr_line ocrx_word'/>
</head>
<body>
  <div class='ocr_page' id='page_1' title='image "./appendixliviana00livygoog_0314.png"; bbox 0 0 1956 3736; ppageno 0'>
   <div class='ocr_carea' id='block_1_1' title="bbox 173 140 814 230">
    <p class='ocr_par' dir='ltr' id='par_1_1' title="bbox 173 140 814 230">
     <span class='ocr_line' id='line_1_1' title="bbox 173 140 814 230; baseline 0.009 -28"><span class='ocrx_word' id='word_1_1' title='bbox 173 140 364 206; x_wconf 70' lang='lat' dir='ltr'>Sorrina.</span> <span class='ocrx_word' id='word_1_2' title='bbox 387 141 538 208; x_wconf 74' lang='lat' dir='ltr'><strong>LXVII.</strong></span> <span class='ocrx_word' id='word_1_3' title='bbox 562 146 721 208; x_wconf 73' lang='lat' dir='ltr'>Lrvran.</span> <span class='ocrx_word' id='word_1_4' title='bbox 758 166 814 230; x_wconf 86' lang='lat'>¹79</span> 
     </span>
    </p>
   </div>
   <div class='ocr_carea' id='block_1_2' title="bbox 60 269 929 3009">
    <p class='ocr_par' dir='ltr' id='par_1_2' title="bbox 68 269 903 1058">
     <span class='ocr_line' id='line_1_2' title="bbox 74 269 895 348; baseline 0.013 -21"><span class='ocrx_word' id='word_1_5' title='bbox 74 269 222 329; x_wconf 78' lang='lat' dir='ltr'>vastatione</span> <span class='ocrx_word' id='word_1_6' title='bbox 239 290 365 342; x_wconf 85' lang='lat' dir='ltr'>agrorum</span> <span class='ocrx_word' id='word_1_7' title='bbox 383 269 604 348; x_wconf 76' lang='lat' dir='ltr'>contemptius&amp;</span> <span class='ocrx_word' id='word_1_8' title='bbox 618 273 734 333; x_wconf 77' lang='lat' dir='ltr'>securius</span> <span class='ocrx_word' id='word_1_9' title='bbox 748 295 811 333; x_wconf 84' lang='lat' dir='ltr'>ver·</span> <span class='ocrx_word' id='word_1_10' title='bbox 822 292 852 338; x_wconf 81' lang='lat' dir='ltr'>U.</span> <span class='ocrx_word' id='word_1_11' title='bbox 865 293 895 344; x_wconf 73' lang='grc' dir='ltr'>α</span> 
     </span>
     <span class='ocr_line' id='line_1_3' title="bbox 74 347 903 433; baseline 0.01 -25"><span class='ocrx_word' id='word_1_12' title='bbox 74 351 204 423; x_wconf 72' lang='lat' dir='ltr'>ferentin,</span> <span class='ocrx_word' id='word_1_13' title='bbox 225 351 372 429; x_wconf 82' lang='lat' dir='ltr'>improviso</span> <span class='ocrx_word' id='word_1_14' title='bbox 387 352 533 410; x_wconf 73' lang='lat' dir='ltr'>Poenorum</span> <span class='ocrx_word' id='word_1_15' title='bbox 549 353 750 433; x_wconf 88' lang='lat' dir='ltr'>Sardorumque</span> <span class='ocrx_word' id='word_1_16' title='bbox 768 355 811 413; x_wconf 91' lang='lat' dir='ltr'>in·</span> <span class='ocrx_word' id='word_1_17' title='bbox 832 347 903 425; x_wconf 47' lang='lat'>494(</span> 
     </span>
     <span class='ocr_line' id='line_1_4' title="bbox 74 425 889 532; baseline 0.007 -43"><span class='ocrx_word' id='word_1_18' title='bbox 74 432 163 504; x_wconf 83' lang='lat' dir='ltr'>cursu,</span> <span class='ocrx_word' id='word_1_19' title='bbox 184 433 323 491; x_wconf 82' lang='lat' dir='ltr'>Hannone</span> <span class='ocrx_word' id='word_1_20' title='bbox 337 433 458 511; x_wconf 89' lang='lat' dir='ltr'>quodam</span> <span class='ocrx_word' id='word_1_21' title='bbox 470 432 550 504; x_wconf 87' lang='lat' dir='ltr'>duce,</span> <span class='ocrx_word' id='word_1_22' title='bbox 572 434 701 493; x_wconf 85' lang='lat' dir='ltr'>fufisunt.</span> <span class='ocrx_word' id='word_1_23' title='bbox 736 425 848 532; x_wconf 52' lang='lat' dir='ltr'>Cen-{¹</span> <span class='ocrx_word' id='word_1_24' title='bbox 880 455 889 470; x_wconf 92' lang='lat'><strong>·</strong></span> 
     </span>
     <span class='ocr_line' id='line_1_5' title="bbox 72 500 892 585; baseline 0.006 -14"><span class='ocrx_word' id='word_1_25' title='bbox 72 511 162 571; x_wconf 84' lang='lat' dir='ltr'>suram</span> <span class='ocrx_word' id='word_1_26' title='bbox 182 513 236 570; x_wconf 91' lang='lat' dir='ltr'>hoc</span> <span class='ocrx_word' id='word_1_27' title='bbox 256 533 326 572; x_wconf 90' lang='lat' dir='ltr'>anno</span> <span class='ocrx_word' id='word_1_28' title='bbox 342 515 377 574; x_wconf 89' lang='lat' dir='ltr'>C.</span> <span class='ocrx_word' id='word_1_29' title='bbox 393 514 504 572; x_wconf 85' lang='lat' dir='ltr'>Duilius</span> <span class='ocrx_word' id='word_1_30' title='bbox 522 516 596 585; x_wconf 86' lang='lat' dir='ltr'>geffit</span> <span class='ocrx_word' id='word_1_31' title='bbox 611 535 675 573; x_wconf 91' lang='lat' dir='ltr'>cum</span> <span class='ocrx_word' id='word_1_32' title='bbox 691 515 727 576; x_wconf 89' lang='lat' dir='ltr'>L.</span> <span class='ocrx_word' id='word_1_33' title='bbox 739 519 811 575; x_wconf 91' lang='lat' dir='ltr'>Cor·</span> <span class='ocrx_word' id='word_1_34' title='bbox 842 500 861 553; x_wconf 20' lang='lat'>&gt;5</span> <span class='ocrx_word' id='word_1_35' title='bbox 880 518 892 543; x_wconf 71' lang='lat'><strong>*</strong></span> 
     </span>
     <span class='ocr_line' id='line_1_6' title="bbox 72 593 812 674; baseline 0.007 -23"><span class='ocrx_word' id='word_1_36' title='bbox 72 593 146 651; x_wconf 85' lang='lat' dir='ltr'>nelio</span> <span class='ocrx_word' id='word_1_37' title='bbox 160 593 288 670; x_wconf 84' lang='lat' dir='ltr'>Scipione</span> <span class='ocrx_word' id='word_1_38' title='bbox 298 594 395 672; x_wconf 87' lang='lat' dir='ltr'>prioris</span> <span class='ocrx_word' id='word_1_39' title='bbox 408 595 470 652; x_wconf 87' lang='lat' dir='ltr'>anni</span> <span class='ocrx_word' id='word_1_40' title='bbox 482 595 599 667; x_wconf 87' lang='lat' dir='ltr'>consule,</span> <span class='ocrx_word' id='word_1_41' title='bbox 614 597 729 674; x_wconf 78' lang='lat' dir='ltr'>Janique</span> <span class='ocrx_word' id='word_1_42' title='bbox 741 611 812 656; x_wconf 89' lang='lat' dir='ltr'>tem-</span> 
     </span>
     <span class='ocr_line' id='line_1_7' title="bbox 71 673 812 755; baseline 0.008 -25"><span class='ocrx_word' id='word_1_43' title='bbox 71 673 152 750; x_wconf 88' lang='lat' dir='ltr'>plum</span> <span class='ocrx_word' id='word_1_44' title='bbox 165 675 239 752; x_wconf 93' lang='lat' dir='ltr'>apud</span> <span class='ocrx_word' id='word_1_45' title='bbox 254 675 346 734; x_wconf 90' lang='lat' dir='ltr'>forum</span> <span class='ocrx_word' id='word_1_46' title='bbox 365 676 504 733; x_wconf 88' lang='lat' dir='ltr'>olitorium</span> <span class='ocrx_word' id='word_1_47' title='bbox 523 677 630 737; x_wconf 81' lang='lat' dir='ltr'>struxit.</span> <span class='ocrx_word' id='word_1_48' title='bbox 660 678 812 755; x_wconf 81' lang='lat' dir='ltr'>Triumphi</span> 
     </span>
     <span class='ocr_line' id='line_1_8' title="bbox 70 753 811 836; baseline 0.007 -23"><span class='ocrx_word' id='word_1_49' title='bbox 70 753 174 813; x_wconf 86' lang='lat' dir='ltr'>dehinc</span> <span class='ocrx_word' id='word_1_50' title='bbox 187 755 242 812; x_wconf 91' lang='lat' dir='ltr'>duo</span> <span class='ocrx_word' id='word_1_51' title='bbox 257 755 380 832; x_wconf 67' lang='lat' dir='ltr'>spetiati:</span> <span class='ocrx_word' id='word_1_52' title='bbox 400 757 477 833; x_wconf 89' lang='lat' dir='ltr'>prior</span> <span class='ocrx_word' id='word_1_53' title='bbox 491 756 526 816; x_wconf 89' lang='lat' dir='ltr'>C.</span> <span class='ocrx_word' id='word_1_54' title='bbox 538 757 643 834; x_wconf 87' lang='lat' dir='ltr'>Aquilii</span> <span class='ocrx_word' id='word_1_55' title='bbox 655 758 677 814; x_wconf 92' lang='lat' dir='ltr'><strong>F</strong></span> <span class='ocrx_word' id='word_1_56' title='bbox 679 758 731 829; x_wconf 83' lang='lat' dir='ltr'>lori</span> <span class='ocrx_word' id='word_1_57' title='bbox 745 779 811 836; x_wconf 88' lang='lat' dir='ltr'>pro-</span> 
     </span>
     <span class='ocr_line' id='line_1_9' title="bbox 69 835 809 910; baseline 0.005 -17"><span class='ocrx_word' id='word_1_58' title='bbox 69 835 180 894; x_wconf 83' lang='lat' dir='ltr'>consule</span> <span class='ocrx_word' id='word_1_59' title='bbox 196 835 231 893; x_wconf 92' lang='lat' dir='ltr'>de</span> <span class='ocrx_word' id='word_1_60' title='bbox 247 836 337 903; x_wconf 82' lang='lat' dir='ltr'>Poenis</span> <span class='ocrx_word' id='word_1_61' title='bbox 353 839 392 894; x_wconf 92' lang='lat' dir='ltr'>A.</span> <span class='ocrx_word' id='word_1_62' title='bbox 403 837 444 896; x_wconf 94' lang='lat' dir='ltr'>D.</span> <span class='ocrx_word' id='word_1_63' title='bbox 461 836 519 896; x_wconf 89' lang='lat' dir='ltr'>IV.</span> <span class='ocrx_word' id='word_1_64' title='bbox 542 837 639 896; x_wconf 88' lang='lat' dir='ltr'>Nonas</span> <span class='ocrx_word' id='word_1_65' title='bbox 655 839 788 897; x_wconf 66' lang='lat' dir='ltr'>octobres</span> <span class='ocrx_word' id='word_1_66' title='bbox 797 863 809 910; x_wconf 73' lang='grc' dir='ltr'><strong><em>ς</em></strong></span> 
     </span>
     <span class='ocr_line' id='line_1_10' title="bbox 68 914 809 993; baseline 0.004 -19"><span class='ocrx_word' id='word_1_67' title='bbox 68 914 138 974; x_wconf 78' lang='lat' dir='ltr'>alter</span> <span class='ocrx_word' id='word_1_68' title='bbox 158 916 196 975; x_wconf 86' lang='lat' dir='ltr'>C.</span> <span class='ocrx_word' id='word_1_69' title='bbox 213 916 326 993; x_wconf 89' lang='lat' dir='ltr'>Sulpicii</span> <span class='ocrx_word' id='word_1_70' title='bbox 347 917 461 975; x_wconf 78' lang='lat' dir='ltr'>consulis</span> <span class='ocrx_word' id='word_1_71' title='bbox 484 916 519 975; x_wconf 88' lang='lat' dir='ltr'>de</span> <span class='ocrx_word' id='word_1_72' title='bbox 541 918 631 976; x_wconf 79' lang='lat' dir='ltr'>Poenir</span> <span class='ocrx_word' id='word_1_73' title='bbox 656 921 682 974; x_wconf 76' lang='lat' dir='ltr'>de</span> <span class='ocrx_word' id='word_1_74' title='bbox 702 919 809 992; x_wconf 79' lang='lat' dir='ltr'>Sardis,</span> 
     </span>
     <span class='ocr_line' id='line_1_11' title="bbox 68 996 540 1058; baseline -0.004 -2"><span class='ocrx_word' id='word_1_75' title='bbox 68 996 161 1058; x_wconf 87' lang='lat' dir='ltr'><strong>A.D.</strong></span> <span class='ocrx_word' id='word_1_76' title='bbox 179 997 241 1056; x_wconf 92' lang='lat' dir='ltr'><strong>III.</strong></span> <span class='ocrx_word' id='word_1_77' title='bbox 260 997 369 1057; x_wconf 80' lang='lat' dir='ltr'><strong>Nonas.</strong></span> <span class='ocrx_word' id='word_1_78' title='bbox 536 1011 540 1019; x_wconf 88' lang='grc'><strong>’</strong></span> 
     </span>
    </p>

    <p class='ocr_par' dir='ltr' id='par_1_3' title="bbox 63 1074 890 1640">
     <span class='ocr_line' id='line_1_12' title="bbox 72 1074 890 1156; baseline 0.005 -23"><span class='ocrx_word' id='word_1_79' title='bbox 72 1126 77 1132; x_wconf 92' lang='grc'>.</span> <span class='ocrx_word' id='word_1_80' title='bbox 116 1077 268 1136; x_wconf 88' lang='lat' dir='ltr'>XXVIII.</span> <span class='ocrx_word' id='word_1_81' title='bbox 292 1080 388 1156; x_wconf 80' lang='lat' dir='ltr'>Qum</span> <span class='ocrx_word' id='word_1_82' title='bbox 408 1076 507 1136; x_wconf 88' lang='lat' dir='ltr'>deinde</span> <span class='ocrx_word' id='word_1_83' title='bbox 530 1077 563 1136; x_wconf 90' lang='lat' dir='ltr'>C.</span> <span class='ocrx_word' id='word_1_84' title='bbox 581 1077 682 1137; x_wconf 68' lang='lat' dir='ltr'>Atilius</span> <span class='ocrx_word' id='word_1_85' title='bbox 702 1077 747 1139; x_wconf 89' lang='lat' dir='ltr'>M.</span> <span class='ocrx_word' id='word_1_86' title='bbox 770 1079 793 1137; x_wconf 92' lang='lat' dir='ltr'><strong>F</strong></span> <span class='ocrx_word' id='word_1_87' title='bbox 799 1074 890 1138; x_wconf 63' lang='grc' dir='ltr'>,Μ’</span> 
     </span>
     <span class='ocr_line' id='line_1_13' title="bbox 67 1154 884 1250; baseline 0.001 -34"><span class='ocrx_word' id='word_1_88' title='bbox 67 1157 117 1217; x_wconf 97' lang='lat' dir='ltr'>M.</span> <span class='ocrx_word' id='word_1_89' title='bbox 139 1157 181 1216; x_wconf 92' lang='lat' dir='ltr'>N.</span> <span class='ocrx_word' id='word_1_90' title='bbox 204 1158 338 1230; x_wconf 80' lang='lat' dir='ltr'>Regulus,</span> <span class='ocrx_word' id='word_1_91' title='bbox 359 1163 385 1216; x_wconf 73' lang='grc' dir='ltr'>δι</span> <span class='ocrx_word' id='word_1_92' title='bbox 405 1159 458 1219; x_wconf 87' lang='lat' dir='ltr'><strong>Cn.</strong></span> <span class='ocrx_word' id='word_1_93' title='bbox 475 1155 618 1216; x_wconf 74' lang='lat' dir='ltr'>Cornelius</span> <span class='ocrx_word' id='word_1_94' title='bbox 638 1160 674 1218; x_wconf 89' lang='lat' dir='ltr'>L.</span> <span class='ocrx_word' id='word_1_95' title='bbox 695 1161 728 1217; x_wconf 90' lang='lat' dir='ltr'>F.</span> <span class='ocrx_word' id='word_1_96' title='bbox 749 1159 806 1220; x_wconf 89' lang='lat' dir='ltr'><strong>Cn.</strong></span> <span class='ocrx_word' id='word_1_97' title='bbox 817 1154 884 1250; x_wconf 48' lang='lat' dir='ltr'>awti·</span> 
     </span>
     <span class='ocr_line' id='line_1_14' title="bbox 68 1233 887 1330; baseline 0.001 -32"><span class='ocrx_word' id='word_1_98' title='bbox 68 1239 114 1298; x_wconf 89' lang='lat' dir='ltr'>N.</span> <span class='ocrx_word' id='word_1_99' title='bbox 129 1237 213 1296; x_wconf 71' lang='lat' dir='ltr'>Rufio</span> <span class='ocrx_word' id='word_1_100' title='bbox 231 1241 331 1298; x_wconf 88' lang='lat' dir='ltr'>iterum</span> <span class='ocrx_word' id='word_1_101' title='bbox 348 1239 468 1298; x_wconf 87' lang='lat' dir='ltr'>consules</span> <span class='ocrx_word' id='word_1_102' title='bbox 483 1240 574 1310; x_wconf 82' lang='lat' dir='ltr'>ellent,</span> <span class='ocrx_word' id='word_1_103' title='bbox 596 1239 665 1297; x_wconf 84' lang='lat' dir='ltr'>sacra</span> <span class='ocrx_word' id='word_1_104' title='bbox 679 1239 804 1317; x_wconf 76' lang='lat' dir='ltr'>quadam</span> <span class='ocrx_word' id='word_1_105' title='bbox 827 1233 887 1330; x_wconf 55' lang='grc' dir='ltr'>ζῆ]</span> 
     </span>
     <span class='ocr_line' id='line_1_15' title="bbox 66 1319 806 1398; baseline 0.005 -21"><span class='ocrx_word' id='word_1_106' title='bbox 66 1319 244 1398; x_wconf 79' lang='lat' dir='ltr'>procurandis</span> <span class='ocrx_word' id='word_1_107' title='bbox 259 1319 391 1396; x_wconf 70' lang='lat' dir='ltr'>prodigiis·</span> <span class='ocrx_word' id='word_1_108' title='bbox 404 1320 461 1378; x_wconf 89' lang='lat' dir='ltr'>fieri</span> <span class='ocrx_word' id='word_1_109' title='bbox 475 1321 550 1379; x_wconf 85' lang='lat' dir='ltr'>solita</span> <span class='ocrx_word' id='word_1_110' title='bbox 563 1320 666 1387; x_wconf 75' lang='lat' dir='ltr'>senatus</span> <span class='ocrx_word' id='word_1_111' title='bbox 680 1321 806 1381; x_wconf 85' lang='lat' dir='ltr'>faciunda</span> 
     </span>
     <span class='ocr_line' id='line_1_16' title="bbox 64 1397 806 1479; baseline 0.005 -22"><span class='ocrx_word' id='word_1_112' title='bbox 64 1399 182 1471; x_wconf 64' lang='lat' dir='ltr'>censuit,</span> <span class='ocrx_word' id='word_1_113' title='bbox 203 1397 278 1479; x_wconf 75' lang='lat' dir='ltr'>qudd</span> <span class='ocrx_word' id='word_1_114' title='bbox 299 1401 328 1462; x_wconf 89' lang='lat' dir='ltr'>in</span> <span class='ocrx_word' id='word_1_115' title='bbox 347 1401 455 1459; x_wconf 87' lang='lat' dir='ltr'>Albano</span> <span class='ocrx_word' id='word_1_116' title='bbox 477 1415 582 1472; x_wconf 85' lang='lat' dir='ltr'>monte,</span> <span class='ocrx_word' id='word_1_117' title='bbox 607 1402 725 1479; x_wconf 83' lang='lat' dir='ltr'>locisque</span> <span class='ocrx_word' id='word_1_118' title='bbox 747 1404 806 1461; x_wconf 88' lang='lat' dir='ltr'>aliis</span> 
     </span>
     <span class='ocr_line' id='line_1_17' title="bbox 64 1480 806 1561; baseline 0.004 -22"><span class='ocrx_word' id='word_1_119' title='bbox 64 1480 201 1561; x_wconf 84' lang='lat' dir='ltr'>pluribus,</span> <span class='ocrx_word' id='word_1_120' title='bbox 222 1494 303 1558; x_wconf 81' lang='lat' dir='ltr'>atque</span> <span class='ocrx_word' id='word_1_121' title='bbox 320 1481 389 1540; x_wconf 84' lang='lat' dir='ltr'>adeo</span> <span class='ocrx_word' id='word_1_122' title='bbox 409 1481 438 1538; x_wconf 90' lang='lat' dir='ltr'>in</span> <span class='ocrx_word' id='word_1_123' title='bbox 454 1481 522 1539; x_wconf 88' lang='lat' dir='ltr'>urbe</span> <span class='ocrx_word' id='word_1_124' title='bbox 534 1482 606 1557; x_wconf 82' lang='lat' dir='ltr'>ipsa,</span> <span class='ocrx_word' id='word_1_125' title='bbox 628 1483 729 1558; x_wconf 85' lang='lat' dir='ltr'>lapides</span> <span class='ocrx_word' id='word_1_126' title='bbox 749 1485 806 1542; x_wconf 84' lang='lat' dir='ltr'>fre·</span> 
     </span>
     <span class='ocr_line' id='line_1_18' title="bbox 63 1561 805 1640; baseline 0 -19"><span class='ocrx_word' id='word_1_127' title='bbox 63 1564 183 1640; x_wconf 80' lang='lat' dir='ltr'>quentes</span> <span class='ocrx_word' id='word_1_128' title='bbox 197 1562 336 1634; x_wconf 77' lang='lat' dir='ltr'>grandinis</span> <span class='ocrx_word' id='word_1_129' title='bbox 349 1562 428 1619; x_wconf 88' lang='lat' dir='ltr'>instar</span> <span class='ocrx_word' id='word_1_130' title='bbox 442 1561 607 1619; x_wconf 79' lang='lat' dir='ltr'>deciderant.</span> <span class='ocrx_word' id='word_1_131' title='bbox 638 1562 748 1619; x_wconf 88' lang='lat' dir='ltr'>Latinas</span> <span class='ocrx_word' id='word_1_132' title='bbox 763 1565 805 1622; x_wconf 84' lang='lat' dir='ltr'>se-</span> 
     </span>
    </p>

    <p class='ocr_par' dir='ltr' id='par_1_4' title="bbox 61 1641 806 1876">
     <span class='ocr_line' id='line_1_19' title="bbox 61 1641 806 1719; baseline -0.001 -17"><span class='ocrx_word' id='word_1_133' title='bbox 61 1643 117 1702; x_wconf 76' lang='lat' dir='ltr'>rias</span> <span class='ocrx_word' id='word_1_134' title='bbox 137 1643 288 1715; x_wconf 83' lang='lat' dir='ltr'>instaurari,</span> <span class='ocrx_word' id='word_1_135' title='bbox 308 1641 439 1719; x_wconf 81' lang='lat' dir='ltr'>causaique</span> <span class='ocrx_word' id='word_1_136' title='bbox 458 1661 551 1700; x_wconf 81' lang='lat' dir='ltr'>carum</span> <span class='ocrx_word' id='word_1_137' title='bbox 570 1641 730 1698; x_wconf 68' lang='lat' dir='ltr'>dictatorem</span> <span class='ocrx_word' id='word_1_138' title='bbox 750 1641 806 1702; x_wconf 87' lang='lat' dir='ltr'>dici</span> 
     </span>
     <span class='ocr_line' id='line_1_20' title="bbox 63 1721 806 1802; baseline 0.001 -21"><span class='ocrx_word' id='word_1_139' title='bbox 63 1723 154 1783; x_wconf 81' lang='lat' dir='ltr'>visum</span> <span class='ocrx_word' id='word_1_140' title='bbox 175 1724 222 1783; x_wconf 87' lang='lat' dir='ltr'>est.</span> <span class='ocrx_word' id='word_1_141' title='bbox 258 1722 449 1802; x_wconf 77' lang='lat' dir='ltr'>QOgulnius</span> <span class='ocrx_word' id='word_1_142' title='bbox 470 1723 506 1780; x_wconf 92' lang='lat' dir='ltr'><strong>L.</strong></span> <span class='ocrx_word' id='word_1_143' title='bbox 529 1722 560 1778; x_wconf 92' lang='lat' dir='ltr'><strong>F.</strong></span> <span class='ocrx_word' id='word_1_144' title='bbox 583 1721 620 1778; x_wconf 85' lang='lat' dir='ltr'>A.</span> <span class='ocrx_word' id='word_1_145' title='bbox 642 1721 682 1779; x_wconf 86' lang='lat' dir='ltr'><strong>N.</strong></span> <span class='ocrx_word' id='word_1_146' title='bbox 706 1721 806 1782; x_wconf 68' lang='lat' dir='ltr'>Gallus</span> 
     </span>
     <span class='ocr_line' id='line_1_21' title="bbox 62 1802 806 1876; baseline -0.012 -11"><span class='ocrx_word' id='word_1_147' title='bbox 62 1803 192 1876; x_wconf 65' lang='lat' dir='ltr'>diffltor,</span> <span class='ocrx_word' id='word_1_148' title='bbox 213 1804 260 1865; x_wconf 88' lang='lat' dir='ltr'><strong>M.</strong></span> <span class='ocrx_word' id='word_1_149' title='bbox 277 1804 413 1864; x_wconf 86' lang='lat' dir='ltr'>Laetorius</span> <span class='ocrx_word' id='word_1_150' title='bbox 430 1804 476 1863; x_wconf 92' lang='lat' dir='ltr'><strong>M.</strong></span> <span class='ocrx_word' id='word_1_151' title='bbox 496 1803 529 1862; x_wconf 87' lang='lat' dir='ltr'><strong>F.</strong></span> <span class='ocrx_word' id='word_1_152' title='bbox 550 1802 596 1861; x_wconf 88' lang='lat' dir='ltr'><strong>M.</strong></span> <span class='ocrx_word' id='word_1_153' title='bbox 620 1802 660 1860; x_wconf 94' lang='lat' dir='ltr'><strong>N.</strong></span> <span class='ocrx_word' id='word_1_154' title='bbox 683 1802 806 1862; x_wconf 72' lang='lat' dir='ltr'>Plancia-</span> 
     </span>
    </p>

    <p class='ocr_par' dir='ltr' id='par_1_5' title="bbox 60 1883 804 2450">
     <span class='ocr_line' id='line_1_22' title="bbox 60 1883 803 1964; baseline 0.003 -20"><span class='ocrx_word' id='word_1_155' title='bbox 60 1904 116 1944; x_wconf 72' lang='grc' dir='ltr'>ιω</span> <span class='ocrx_word' id='word_1_156' title='bbox 134 1885 260 1957; x_wconf 83' lang='lat' dir='ltr'>magister</span> <span class='ocrx_word' id='word_1_157' title='bbox 277 1885 402 1963; x_wconf 88' lang='lat' dir='ltr'>equiturn</span> <span class='ocrx_word' id='word_1_158' title='bbox 418 1884 536 1943; x_wconf 89' lang='lat' dir='ltr'>fuerunt.</span> <span class='ocrx_word' id='word_1_159' title='bbox 570 1883 605 1943; x_wconf 89' lang='lat' dir='ltr'>C.</span> <span class='ocrx_word' id='word_1_160' title='bbox 621 1883 733 1957; x_wconf 86' lang='lat' dir='ltr'>Atilius,</span> <span class='ocrx_word' id='word_1_161' title='bbox 754 1885 803 1964; x_wconf 89' lang='lat' dir='ltr'>qui</span> 
     </span>
     <span class='ocr_line' id='line_1_23' title="bbox 61 1965 804 2046; baseline 0 -20"><span class='ocrx_word' id='word_1_162' title='bbox 61 1965 135 2026; x_wconf 75' lang='lat' dir='ltr'>culfi</span> <span class='ocrx_word' id='word_1_163' title='bbox 159 1979 288 2046; x_wconf 74' lang='lat' dir='ltr'>praerat,</span> <span class='ocrx_word' id='word_1_164' title='bbox 319 1967 354 2025; x_wconf 85' lang='lat' dir='ltr'>ad</span> <span class='ocrx_word' id='word_1_165' title='bbox 376 1965 567 2043; x_wconf 80' lang='lat' dir='ltr'>Tyndaridem</span> <span class='ocrx_word' id='word_1_166' title='bbox 593 1966 690 2042; x_wconf 82' lang='lat' dir='ltr'>Siciliae</span> <span class='ocrx_word' id='word_1_167' title='bbox 715 1987 804 2044; x_wconf 85' lang='lat' dir='ltr'>quum</span> 
     </span>
     <span class='ocr_line' id='line_1_24' title="bbox 60 2047 802 2127; baseline -0.003 -20"><span class='ocrx_word' id='word_1_168' title='bbox 60 2047 214 2127; x_wconf 52' lang='lat' dir='ltr'>rppuliffm</span> <span class='ocrx_word' id='word_1_169' title='bbox 234 2047 342 2107; x_wconf 81' lang='lat' dir='ltr'>clafferu</span> <span class='ocrx_word' id='word_1_170' title='bbox 354 2048 485 2106; x_wconf 88' lang='lat' dir='ltr'>Punicam</span> <span class='ocrx_word' id='word_1_171' title='bbox 501 2047 597 2104; x_wconf 89' lang='lat' dir='ltr'>ordine</span> <span class='ocrx_word' id='word_1_172' title='bbox 608 2067 706 2123; x_wconf 83' lang='lat' dir='ltr'>parum</span> <span class='ocrx_word' id='word_1_173' title='bbox 722 2067 802 2106; x_wconf 87' lang='lat' dir='ltr'>com·</span> 
     </span>
     <span class='ocr_line' id='line_1_25' title="bbox 62 2126 799 2207; baseline -0.007 -20"><span class='ocrx_word' id='word_1_174' title='bbox 62 2127 153 2207; x_wconf 67' lang='lat' dir='ltr'>posito</span> <span class='ocrx_word' id='word_1_175' title='bbox 173 2130 443 2206; x_wconf 63' lang='lat' dir='ltr'>praeternavigantem</span> <span class='ocrx_word' id='word_1_176' title='bbox 464 2126 643 2202; x_wconf 83' lang='lat' dir='ltr'>conspicatus,</span> <span class='ocrx_word' id='word_1_177' title='bbox 669 2128 726 2202; x_wconf 86' lang='lat' dir='ltr'>ejus</span> <span class='ocrx_word' id='word_1_178' title='bbox 748 2147 799 2204; x_wconf 90' lang='lat' dir='ltr'>op-</span> 
     </span>
     <span class='ocr_line' id='line_1_26' title="bbox 61 2204 801 2287; baseline -0.007 -18"><span class='ocrx_word' id='word_1_179' title='bbox 61 2210 217 2287; x_wconf 82' lang='lat' dir='ltr'>pugnandae</span> <span class='ocrx_word' id='word_1_180' title='bbox 226 2209 368 2268; x_wconf 83' lang='lat' dir='ltr'>confilium</span> <span class='ocrx_word' id='word_1_181' title='bbox 382 2204 469 2268; x_wconf 73' lang='lat' dir='ltr'>subito</span> <span class='ocrx_word' id='word_1_182' title='bbox 482 2207 572 2284; x_wconf 88' lang='lat' dir='ltr'>cepit:</span> <span class='ocrx_word' id='word_1_183' title='bbox 592 2205 715 2283; x_wconf 85' lang='lat' dir='ltr'>juffisque</span> <span class='ocrx_word' id='word_1_184' title='bbox 727 2205 801 2283; x_wconf 81' lang='lat' dir='ltr'>sequi</span> 
     </span>
     <span class='ocr_line' id='line_1_27' title="bbox 61 2287 802 2368; baseline -0.009 -18"><span class='ocrx_word' id='word_1_185' title='bbox 61 2291 160 2350; x_wconf 83' lang='lat' dir='ltr'>ceteris</span> <span class='ocrx_word' id='word_1_186' title='bbox 185 2290 311 2362; x_wconf 70' lang='lat' dir='ltr'>navibus,</span> <span class='ocrx_word' id='word_1_187' title='bbox 337 2289 392 2368; x_wconf 90' lang='lat' dir='ltr'>ipse</span> <span class='ocrx_word' id='word_1_188' title='bbox 415 2308 479 2346; x_wconf 89' lang='lat' dir='ltr'>curn</span> <span class='ocrx_word' id='word_1_189' title='bbox 503 2288 600 2344; x_wconf 86' lang='lat' dir='ltr'>decem</span> <span class='ocrx_word' id='word_1_190' title='bbox 623 2305 684 2364; x_wconf 84' lang='lat' dir='ltr'>quae</span> <span class='ocrx_word' id='word_1_191' title='bbox 704 2287 802 2363; x_wconf 75' lang='lat' dir='ltr'>primae</span> 
     </span>
     <span class='ocr_line' id='line_1_28' title="bbox 61 2367 803 2450; baseline -0.007 -20"><span class='ocrx_word' id='word_1_192' title='bbox 61 2372 151 2450; x_wconf 82' lang='lat' dir='ltr'>parari</span> <span class='ocrx_word' id='word_1_193' title='bbox 165 2386 321 2449; x_wconf 88' lang='lat' dir='ltr'>potuerunt,</span> <span class='ocrx_word' id='word_1_194' title='bbox 342 2370 442 2440; x_wconf 88' lang='lat' dir='ltr'>evolat,</span> <span class='ocrx_word' id='word_1_195' title='bbox 464 2374 489 2425; x_wconf 74' lang='grc' dir='ltr'>δι</span> <span class='ocrx_word' id='word_1_196' title='bbox 504 2367 538 2425; x_wconf 91' lang='lat' dir='ltr'>ad</span> <span class='ocrx_word' id='word_1_197' title='bbox 551 2368 651 2425; x_wconf 82' lang='lat' dir='ltr'>Poenos</span> <span class='ocrx_word' id='word_1_198' title='bbox 663 2368 721 2443; x_wconf 87' lang='lat' dir='ltr'>jam</span> <span class='ocrx_word' id='word_1_199' title='bbox 737 2367 803 2426; x_wconf 89' lang='lat' dir='ltr'>lon·</span> 
     </span>
    </p>

    <p class='ocr_par' dir='ltr' id='par_1_6' title="bbox 60 2451 929 3009">
     <span class='ocr_line' id='line_1_29' title="bbox 60 2451 799 2526; baseline -0.007 -15"><span class='ocrx_word' id='word_1_200' title='bbox 60 2451 124 2524; x_wconf 70' lang='lat' dir='ltr'>gius</span> <span class='ocrx_word' id='word_1_201' title='bbox 138 2453 246 2510; x_wconf 66' lang='lat' dir='ltr'>evelles</span> <span class='ocrx_word' id='word_1_202' title='bbox 264 2451 368 2511; x_wconf 73' lang='lat' dir='ltr'>summai</span> <span class='ocrx_word' id='word_1_203' title='bbox 381 2451 506 2511; x_wconf 88' lang='lat' dir='ltr'>velorum</span> <span class='ocrx_word' id='word_1_204' title='bbox 523 2468 717 2526; x_wconf 86' lang='lat' dir='ltr'>remorumque</span> <span class='ocrx_word' id='word_1_205' title='bbox 730 2467 799 2507; x_wconf 88' lang='lat' dir='ltr'>con·</span> 
     </span>
     <span class='ocr_line' id='line_1_30' title="bbox 61 2532 929 2610; baseline -0.002 -18"><span class='ocrx_word' id='word_1_206' title='bbox 61 2534 184 2592; x_wconf 86' lang='lat' dir='ltr'>tentione</span> <span class='ocrx_word' id='word_1_207' title='bbox 197 2532 296 2610; x_wconf 83' lang='lat' dir='ltr'>pergit.</span> <span class='ocrx_word' id='word_1_208' title='bbox 924 2593 929 2605; x_wconf 35' lang='lat'><em>⁴</em></span> 
     </span>
     <span class='ocr_line' id='line_1_31' title="bbox 61 2610 799 2684; baseline 0 -15"><span class='ocrx_word' id='word_1_209' title='bbox 61 2614 77 2669; x_wconf 89' lang='grc'>.’</span> <span class='ocrx_word' id='word_1_210' title='bbox 102 2614 215 2673; x_wconf 85' lang='lat' dir='ltr'><strong>XXIX.</strong></span> <span class='ocrx_word' id='word_1_211' title='bbox 239 2613 363 2672; x_wconf 83' lang='lat' dir='ltr'>Amilcar</span> <span class='ocrx_word' id='word_1_212' title='bbox 376 2613 404 2670; x_wconf 92' lang='lat' dir='ltr'>in</span> <span class='ocrx_word' id='word_1_213' title='bbox 422 2633 454 2671; x_wconf 87' lang='lat' dir='ltr'>ea</span> <span class='ocrx_word' id='word_1_214' title='bbox 471 2610 547 2670; x_wconf 83' lang='lat' dir='ltr'>claffe</span> <span class='ocrx_word' id='word_1_215' title='bbox 560 2611 720 2684; x_wconf 83' lang='lat' dir='ltr'>vehebatur,</span> <span class='ocrx_word' id='word_1_216' title='bbox 741 2629 799 2670; x_wconf 90' lang='lat' dir='ltr'>non</span> 
     </span>
     <span class='ocr_line' id='line_1_32' title="bbox 60 2691 837 2771; baseline -0.009 -17"><span class='ocrx_word' id='word_1_217' title='bbox 60 2693 279 2754; x_wconf 74' lang='lat' dir='ltr'>contemmendur</span> <span class='ocrx_word' id='word_1_218' title='bbox 287 2695 458 2771; x_wconf 82' lang='lat' dir='ltr'>imperator:</span> <span class='ocrx_word' id='word_1_219' title='bbox 480 2693 528 2768; x_wconf 91' lang='lat' dir='ltr'>qui</span> <span class='ocrx_word' id='word_1_220' title='bbox 542 2712 639 2770; x_wconf 82' lang='lat' dir='ltr'>paucas</span> <span class='ocrx_word' id='word_1_221' title='bbox 652 2691 701 2749; x_wconf 87' lang='lat' dir='ltr'>fibi</span> <span class='ocrx_word' id='word_1_222' title='bbox 715 2710 799 2750; x_wconf 74' lang='lat' dir='ltr'>naves</span> <span class='ocrx_word' id='word_1_223' title='bbox 834 2741 837 2748; x_wconf 70' lang='lat'><strong>.</strong></span> 
     </span>
     <span class='ocr_line' id='line_1_33' title="bbox 60 2770 799 2852; baseline -0.009 -17"><span class='ocrx_word' id='word_1_224' title='bbox 60 2775 157 2835; x_wconf 69' lang='lat' dir='ltr'>intare</span> <span class='ocrx_word' id='word_1_225' title='bbox 169 2775 276 2848; x_wconf 83' lang='lat' dir='ltr'>videns,</span> <span class='ocrx_word' id='word_1_226' title='bbox 296 2776 360 2833; x_wconf 86' lang='lat' dir='ltr'>alias</span> <span class='ocrx_word' id='word_1_227' title='bbox 373 2787 455 2852; x_wconf 85' lang='lat' dir='ltr'>portu</span> <span class='ocrx_word' id='word_1_228' title='bbox 468 2772 516 2830; x_wconf 84' lang='lat' dir='ltr'>vix</span> <span class='ocrx_word' id='word_1_229' title='bbox 530 2772 641 2844; x_wconf 75' lang='lat' dir='ltr'>egressas</span> <span class='ocrx_word' id='word_1_230' title='bbox 656 2770 717 2841; x_wconf 84' lang='lat' dir='ltr'>effe,</span> <span class='ocrx_word' id='word_1_231' title='bbox 737 2790 799 2829; x_wconf 86' lang='lat' dir='ltr'>ma·</span> 
     </span>
     <span class='ocr_line' id='line_1_34' title="bbox 60 2852 866 2935; baseline -0.009 -21"><span class='ocrx_word' id='word_1_232' title='bbox 60 2875 146 2927; x_wconf 74' lang='lat' dir='ltr'>gnam</span> <span class='ocrx_word' id='word_1_233' title='bbox 159 2870 263 2935; x_wconf 85' lang='lat' dir='ltr'>partem</span> <span class='ocrx_word' id='word_1_234' title='bbox 275 2857 425 2914; x_wconf 86' lang='lat' dir='ltr'>etiamnum</span> <span class='ocrx_word' id='word_1_235' title='bbox 438 2855 467 2911; x_wconf 86' lang='lat' dir='ltr'>in</span> <span class='ocrx_word' id='word_1_236' title='bbox 479 2852 583 2910; x_wconf 87' lang='lat' dir='ltr'>ancoris</span> <span class='ocrx_word' id='word_1_237' title='bbox 595 2852 708 2922; x_wconf 84' lang='lat' dir='ltr'>haerere,</span> <span class='ocrx_word' id='word_1_238' title='bbox 729 2869 798 2908; x_wconf 90' lang='lat' dir='ltr'>con·</span> <span class='ocrx_word' id='word_1_239' title='bbox 864 2890 866 2895; x_wconf 87' lang='lat'><em>-</em></span> 
     </span>
     <span class='ocr_line' id='line_1_35' title="bbox 61 2930 798 3009; baseline -0.001 -16"><span class='ocrx_word' id='word_1_240' title='bbox 61 2934 141 2993; x_wconf 85' lang='lat' dir='ltr'>verso</span> <span class='ocrx_word' id='word_1_241' title='bbox 160 2939 236 2994; x_wconf 88' lang='lat' dir='ltr'>cursu</span> <span class='ocrx_word' id='word_1_242' title='bbox 250 2937 286 2996; x_wconf 92' lang='lat' dir='ltr'>C.</span> <span class='ocrx_word' id='word_1_243' title='bbox 296 2935 413 2995; x_wconf 89' lang='lat' dir='ltr'>Atilium</span> <span class='ocrx_word' id='word_1_244' title='bbox 428 2934 535 3009; x_wconf 85' lang='lat' dir='ltr'>ejusque</span> <span class='ocrx_word' id='word_1_245' title='bbox 552 2950 633 2989; x_wconf 86' lang='lat' dir='ltr'>naves</span> <span class='ocrx_word' id='word_1_246' title='bbox 649 2931 704 2988; x_wconf 77' lang='lat' dir='ltr'>toti</span> <span class='ocrx_word' id='word_1_247' title='bbox 721 2930 798 2992; x_wconf 81' lang='lat' dir='ltr'>claffe</span> 
     </span>
    </p>
   </div>
   <div class='ocr_carea' id='block_1_3' title="bbox 60 3013 798 3103">
    <p class='ocr_par' dir='ltr' id='par_1_7' title="bbox 60 3013 798 3103">
     <span class='ocr_line' id='line_1_36' title="bbox 60 3013 798 3103; baseline 0 -26"><span class='ocrx_word' id='word_1_248' title='bbox 60 3018 253 3080; x_wconf 78' lang='lat' dir='ltr'>circumvenit</span> <span class='ocrx_word' id='word_1_249' title='bbox 283 3017 473 3098; x_wconf 85' lang='lat' dir='ltr'>deprimuntur</span> <span class='ocrx_word' id='word_1_250' title='bbox 495 3013 618 3079; x_wconf 86' lang='lat' dir='ltr'>celeriter</span> <span class='ocrx_word' id='word_1_251' title='bbox 639 3030 720 3103; x_wconf 69' lang='lat' dir='ltr'>naver</span> <span class='ocrx_word' id='word_1_252' title='bbox 744 3034 798 3093; x_wconf 50' lang='lat' dir='ltr'>uoq</span> 
     </span>
    </p>
   </div>
   <div class='ocr_carea' id='block_1_4' title="bbox 0 0 982 3736">
    <p class='ocr_par' dir='ltr' id='par_1_8' title="bbox 0 0 982 3736">
     <span class='ocr_line' id='line_1_37' title="bbox 0 0 982 3736; baseline 0 2"><span class='ocrx_word' id='word_1_253' title='bbox 0 0 982 3736; x_wconf 95' lang='lat' dir='ltr'> </span> 
     </span>
    </p>
   </div>
  </div>
 </body>
</html>
