1956 3736
37 156 58 197 s
162 143 694 231 Susrasu.L.XIV.L1v1nn.f
748 167 792 230 ,79
880 115 930 221 ,Ι

62 277 134 352 tani,
158 296 241 356 quam
264 277 467 355 opportunitate
487 276 550 338 sutus
573 277 659 353 adjuti
680 278 876 353 Cartha-tnc,

35 422 38 426 ,
62 359 194 434 ginienses
213 357 395 438 nequicquam
416 371 589 436 oppugnante
608 359 712 435 Pyrrho
730 361 794 418 reti-
812 369 870 416 475·
946 395 949 399 -

61 442 173 500 nebant.
216 436 302 496 Unde
319 456 376 495 non
393 436 489 514 absque
504 438 579 496 causa
597 437 655 515 spes
672 440 794 510 ingentes
805 421 875 487 A'⁰⁹-

61 521 155 579 animo
169 516 339 593 complexus,
359 516 458 574 relictis
471 519 592 576 maximo
608 518 726 577 filiorum
744 539 793 595 pa-
811 496 871 550 ³⁷⁷³

61 601 119 659 triis
145 598 255 681 opibus,
280 614 315 654 ex
337 594 444 654 duobus
463 597 583 674 reliquis,
608 617 702 669 regem
726 599 792 673 alte-

61 695 123 739 rum
138 677 236 748 Italiae,
256 675 370 734 alterum
384 675 481 734 Siciliae
495 677 653 735 constituere
666 679 792 750 agitabat„

104 759 149 818 11.
171 758 237 815 Erat
260 756 373 813 omnino
394 755 465 826 regis
490 756 563 814 istius
584 757 615 814 ei
639 759 793 834 tempestate

60 858 160 912 magius
175 837 259 907 sarna,
280 854 438 911 magnaeque
452 835 581 894 virtutes:
603 840 628 892 δι
644 838 792 916 Siculi'per

60 936 146 978 annos
159 913 220 975 sane
233 914 336 973 multos
350 929 459 972 externa
472 914 551 973 simul
565 935 596 972 ac
609 915 697 973 civilia
710 917 791 988 bella,

59 1004 97 1072 δι,
116 995 260 1056 nocentius
278 994 394 1071 utrisque
411 994 525 1064 malum,
546 994 716 1070 tyrannidem
735 999 791 1072 pas-

25 1070 27 1076 ’
60 1077 97 1150 ss,
116 1076 163 1136 vel
182 1073 350 1134 mediocrem
371 1073 489 1150 aliquem
508 1075 659 1151 principem
685 1090 791 1145 gratan-

60 1159 133 1216 tibus
146 1155 244 1214 animis
256 1153 335 1213 laturi
347 1152 518 1213 videbantur.
562 1154 616 1211 Sed
633 1168 724 1212 tamen
738 1156 792 1232 ipse

59 1237 141 1315 paulo
159 1235 218 1311 post
235 1232 271 1292 ad
289 1233 434 1304 exigendas
452 1234 486 1291 ab
502 1234 592 1292 invitis
609 1235 746 1312 pecunias,
767 1241 793 1294 sc

55 1317 245 1394 potentiorum
259 1311 347 1372 caedes
361 1314 460 1384 versus,
481 1313 577 1374 odium
590 1315 709 1374 immane
723 1335 791 1374 con·

59 1396 169 1455 citavit:
191 1393 273 1452 etiam
290 1392 476 1453 accedentibus
494 1394 685 1470 cupiditatibus
703 1401 728 1453 de
746 1417 788 1464 ar·

58 1474 180 1549 rogantis
196 1475 389 1547 ministrorum,
409 1493 526 1550 quorum
543 1475 568 1531 ci
585 1475 650 1537 uitia
662 1496 718 1532 non
735 1478 789 1535 mi·

56 1555 108 1614 nius
130 1555 234 1624 ubivis,
259 1551 343 1631 quium
364 1554 408 1611 sua
429 1567 588 1610 nocuerunt.
630 1555 711 1612 Adeo
732 1557 790 1631 post

57 1638 175 1714 primam
185 1634 295 1692 inam&
308 1634 473 1710 praecipuam
485 1651 587 1703 curam,
604 1647 634 1690 ut
647 1633 696 1709 ipss
708 1633 790 1710 quim
832 1654 835 1661 ²

57 1716 159 1794 optimi
173 1713 233 1785 sint,
253 1713 327 1770 nulla
340 1727 386 1771 aut
400 1711 518 1784 dignior,
539 1726 584 1771 aut
598 1711 725 1770 salubrior
738 1712 790 1772 esse

58 1795 167 1868 regibus
187 1791 340 1851 sollicitudo
361 1793 457 1869 potest,
478 1788 560 1868 quim
579 1792 733 1863 utamicos
755 1813 791 1859 est

60 1876 161 1934 uirtute
174 1872 309 1944 deligant:
331 1872 440 1950 quando
452 1873 522 1930 inter
535 1873 654 1948 privatos
666 1872 702 1932 ob
716 1873 789 1948 suam

56 1955 169 2034 quisque
187 1953 296 2029 culpam
308 1952 400 2011 exosus
414 1953 461 2024 eil,
481 1952 647 2030 principibus
661 1954 742 2013 etiarn
758 1975 790 2030 εις

57 2036 129 2095 liena
147 2047 257 2173 peccata
272 2032 448 2110 imputantur.
490 2030 545 2091 Sed
562 2033 622 2090 haec
640 2034 731 2111 postea
748 2035 788 2095 se-

76 2129 142 2174 uuta
165 2129 224 2173 unt.

56 2136 76 2244 l
96 2194 160 2254 111.
181 2194 261 2252 Tum
274 2190 340 2251 verti
354 2190 502 2251 calentibus
512 2190 601 2250 adhuc
614 2192 715 2262 studiis,
730 2194 788 2268 pri-

55 2274 135 2334 mirm
152 2271 169 2331 i
185 2273 475 2332 Taurominitanorum
491 2271 611 2348 principe
629 2272 787 2348 Tyndario-
860 2304 862 2308 .
926 2276 927 2281 ’

31 2400 37 2411 .
55 2375 104 2428 ne,
128 2357 208 2428 (nam
230 2353 261 2412 ci
283 2367 359 2430 parte
380 2351 470 2410 insulae
490 2351 611 2429 primirm
631 2353 792 2429 appulerat)-

57 2455 128 2495 mox
139 2432 155 2492 i
167 2432 307 2492 Cannensi
322 2434 426 2511 populo
440 2432 564 2490 maximis
578 2431 727 2490 honoribus
741 2452 787 2490 ac·
827 2433 830 2437 ’

51 2529 151 2594 ceptus
165 2513 313 2591 cultusque,
334 2532 398 2571 cum
411 2511 525 2591 pedestri
539 2513 658 2570 exercitu
672 2513 786 2590 Syracu·
883 2520 885 2526 ’

51 2597 92 2655 sas
110 2594 205 2652 versus
224 2592 355 2670 processit.
398 2592 513 2651 Classem
533 2592 606 2651 haud
626 2594 721 2670 procul
740 2594 786 2650 lit-

51 2676 160 2736 toribus
185 2672 351 2732 circumduci
373 2672 453 2747 juffit,
479 2687 596 2748 paratam
620 2673 790 2746 instructam-2

49 2775 127 2834 que:
152 2774 205 2812 nec
225 2752 299 2811 enim
320 2752 387 2810 citra
411 2752 495 2829 praelii
517 2750 659 2808 discrimen
682 2750 794 2826 aditum
864 2775 869 2781 ·

51 2835 89 2893 nd
113 2833 304 2911 Syracusanam
330 2833 426 2890 urbem
453 2830 554 2889 daturae
579 2830 793 2906 Carthaginien-3

52 2915 124 2974 frum
138 2935 220 2972 naves
232 2913 401 2972 videbantur.
445 2910 498 2968 Sed
516 2924 650 2980 evenerat,
671 2924 701 2967 ut
718 2931 786 2988 pau-

52 2993 85 3075 lo
98 3007 160 3058 autc
174 2995 229 3059 buc
245 3006 353 3087 tempus
373 2992 481 3069 triginta
498 3010 581 3079 naves
594 2990 701 3055 Punicae
719 2992 793 3070 asos,
