1956 3736
166 144 233 206 304
268 146 296 181 ,ῑ
325 125 352 205 J.
386 124 791 217 narcoticum·

75 265 111 321 v.
120 272 150 318 e.
171 260 293 318 tinorum
305 251 547 332 tnsae'ngataqun
562 249 607 312 sed
622 248 674 330 ipsa
688 270 799 332 quoque
811 251 911 314 ciuitas

86 331 147 393 ⁴80·
172 341 202 400 in
222 340 305 399 fidem
329 351 440 418 accepta
458 337 505 395 est.
549 335 636 410 Quod
653 334 814 406 negotium,
833 338 910 430 quia,

76 401 107 449 Δ·
118 403 146 449 ⁶⁶
171 436 269 500 praeter
282 419 424 476 victoriam
437 438 472 476 ex
486 411 646 475 nobilissima
656 416 734 486 urbe3
752 417 851 493 Pyrrht
865 434 906 474 re-

89 477 147 533 m*
170 503 211 575 gia
229 513 356 570 mortem,
377 503 404 555 δι
418 496 679 568 Carthaginienslum
693 496 870 555 calliditatem
883 503 909 556 δε

169 583 258 660 prima
278 578 483 639 aemulationum
503 579 572 636 inter
594 578 694 636 Poenos
716 578 909 656 Romanosque

169 663 247 720 initia
273 661 409 733 eontinet,
436 659 518 738 paulo
543 657 692 718 accuratius
715 658 907 741 explicandum

218 822 301 882 XLI.
331 822 450 899 Pyrrhus
470 833 532 879 ante
556 818 697 878 biennium
717 838 753 877 ex
774 819 854 879 Italia
872 819 907 878 fic

49 960 52 967 ,
170 904 267 963 abnavi
283 910 386 974 suerat,
400 916 432 960 ut
440 902 538 960 selislo
551 902 580 959 in
593 901 661 960 urbe
674 900 827 958 Tarentina
840 920 908 979 puae-

170 984 240 1044 srdio
258 924 335 1064 linem
354 978 456 1042 reditis
477 982 517 1040 sui
537 982 645 1040 faceret.
687 981 728 1038 Ea
749 982 833 1060 paulo
852 982 908 1060 pon

169 1084 246 1125 novo
261 1066 332 1137 regis
349 1066 421 1122 istius
435 1064 464 1120 in
478 1061 643 1121 Macedonia
657 1061 773 1119 successu
787 1083 845 1121 non
863 1083 908 1140 pa-

172 1167 235 1206 rum
249 1149 335 1216 auda,
359 1145 491 1202 Italorum
505 1145 611 1202 animos
627 1142 757 1201 adversius
772 1140 908 1221 praesentia

170 1228 272 1286 damna
291 1225 485 1284 sustentaverat.
519 1224 574 1282 Vir
595 1225 669 1282 enim
688 1219 810 1281 ardentis
827 1224 908 1282 animi

171 1327 258 1384 quum
273 1306 321 1365 diu
336 1304 470 1381 quiescere
483 1323 539 1362 non
554 1305 649 1381 posset,
664 1305 819 1378 Antigono,
835 1303 908 1383 qudd

171 1389 202 1445 in
224 1387 302 1444 Italia
328 1385 532 1456 belligerantem
555 1385 636 1442 nullis
656 1385 762 1442 auxiliis
784 1381 907 1461 juvisset,

155 1460 276 1527 'bellum
289 1467 425 1536 intulerat,
440 1485 558 1543 eumque
572 1465 667 1544 praelio
683 1465 785 1523 vislunr
798 1467 908 1524 unium

170 1548 200 1607 so
214 1567 300 1626 prope
316 1565 400 1618 regno
413 1548 537 1624 ejecerat.
558 1546 632 1604 unde
646 1547 781 1604 Romanis
798 1562 906 1626 quoque

57 1666 60 1671 -
171 1630 317 1688 continuus
330 1646 379 1705 per
393 1642 424 1686 ea
437 1643 560 1706 tempora
574 1640 663 1685 metus
677 1627 739 1697 suit,
755 1647 789 1686 ne
804 1629 907 1687 austio·

172 1711 247 1768 ribus
271 1711 358 1787 copiis
378 1709 507 1780 regressus
530 1709 559 1764 in
579 1708 687 1765 Italiam
707 1709 796 1783 majus
821 1711 909 1786 priore

172 1792 275 1848 bellurn
289 1791 426 1848 excitaret.
460 1788 514 1845 Sed
527 1790 663 1865 inopinata
677 1806 752 1846 mors
766 1791 840 1861 regis
854 1791 909 1867 spes

172 1869 312 1947 metusque
333 1870 458 1926 omnium
475 1866 562 1926 subitd
580 1868 679 1926 incidit
697 1883 779 1947 atque
797 1870 906 1930 sustulit.

173 1946 293 2025 Pyrrhus
312 1947 397 2018 enirn,
417 1961 449 2005 ut
468 1962 527 2006 erat
537 1945 674 2027 'potentias
693 1950 723 2008 in
744 1951 908 2010 immensum

171 2029 302 2100 augendas
321 2026 500 2088 insatiabiliter
518 2042 657 2107 appetens,
678 2048 726 2107 per
741 2029 853 2096 causam
866 2051 907 2090 re·

172 2110 289 2169 ducendi
304 2106 333 2168 io
354 2105 468 2181 regnum
483 2111 585 2188 Spartae
600 2111 759 2187 Cleonymi‚
780 2114 831 2189 qui
846 2131 907 2170 curn

172 2195 247 2252 Areo
263 2187 411 2263 diffidebat,
432 2189 646 2269 Peloponnesum
662 2191 804 2265 ingressus,
826 2193 862 2252 ad
875 2193 907 2251 il·
946 2197 948 2202 '

170 2274 226 2335 lam
249 2274 330 2332 etiam
356 2271 542 2350 occupandam
565 2271 665 2348 adjecit
690 2274 830 2334 animum.
874 2275 909 2334 Et

172 2353 397 2412 Lacedaemonios
419 2353 543 2431 quidem,
568 2353 631 2411 licet
651 2353 718 2413 urbe
743 2354 840 2414 sruslta
857 2374 908 2434 ‘op-

170 2434 298 2512 pugnatl,
319 2435 424 2505 magnis
439 2434 529 2492 affecit
542 2433 735 2494 incommodis.

212 2514 313 2573 XLII.
337 2514 390 2573 Sed
405 2515 487 2586 Argis
501 2515 613 2588 interea,
633 2533 720 2593 quum
736 2515 856 2577 adversae
869 2518 907 2577 fa·

170 2594 274 2653 sliones
295 2595 356 2651 duae
374 2594 466 2668 essent,
487 2595 622 2674 principes
641 2610 735 2656 canam
756 2598 910 2678 Aristippus

171 2676 354 2748 Antigonum,
364 2676 473 2734 Aristius
484 2677 620 2754 Pyrrhum
631 2675 665 2733 ad
676 2679 876 2756 opprimendos
885 2681 907 2737 i·

170 2758 288 2818 nimicus
301 2757 423 2816 advocat.
439 2778 502 2816 nam
511 2764 536 2816 δι
549 2758 718 2831 Antigonus,
726 2777 821 2819 contra
833 2781 907 2820 con·

170 2858 282 2898 munem
295 2839 399 2897 hostem
411 2839 566 2899 Laconibus
575 2839 676 2898 auxilio
691 2840 812 2914 futurus,
821 2845 850 2901 in
858 2845 908 2902 Pe·

171 2917 347 2994 loponne'sum
358 2935 476 2980 venerat.
492 2921 528 2978 ita
540 2911 650 2979 diversis
663 2923 761 2999 portis,
772 2924 821 2981 sub
834 2943 906 2982 eam·

168 2995 234 3058 dem
252 3001 362 3064 nostem
376 3001 511 3082 utriusque
531 3003 603 3080 regis
621 3003 710 3084 copiae
728 3003 760 3065 in
773 3005 902 3082 Argiuam
