<?xml version="1.0" encoding="UTF-8"?>
<!DOCTYPE html PUBLIC "-//W3C//DTD XHTML 1.0 Transitional//EN"
    "http://www.w3.org/TR/xhtml1/DTD/xhtml1-transitional.dtd">
<html xmlns="http://www.w3.org/1999/xhtml" xml:lang="en" lang="en">
 <head>
  <title>
</title>
<meta http-equiv="Content-Type" content="text/html;charset=utf-8" />
  <meta name='ocr-system' content='tesseract 3.04.00' />
  <meta name='ocr-capabilities' content='ocr_page ocr_carea ocr_par ocr_line ocrx_word'/>
</head>
<body>
  <div class='ocr_page' id='page_1' title='image "./appendixliviana00livygoog_0307.png"; bbox 0 0 1956 3736; ppageno 0'>
   <div class='ocr_carea' id='block_1_1' title="bbox 160 160 746 242">
    <p class='ocr_par' dir='ltr' id='par_1_1' title="bbox 160 160 746 242">
     <span class='ocr_line' id='line_1_1' title="bbox 160 160 746 242; baseline -0.003 -18"><span class='ocrx_word' id='word_1_1' title='bbox 160 160 226 241; x_wconf 76' lang='lat'>&#39;172</span> <span class='ocrx_word' id='word_1_2' title='bbox 318 163 746 242; x_wconf 54' lang='lat' dir='ltr'>iheruinum</span> 
     </span>
    </p>
   </div>
   <div class='ocr_carea' id='block_1_2' title="bbox 74 281 902 1339">
    <p class='ocr_par' dir='ltr' id='par_1_2' title="bbox 74 281 898 531">
     <span class='ocr_line' id='line_1_2' title="bbox 74 281 896 371; baseline -0.006 -20"><span class='ocrx_word' id='word_1_3' title='bbox 74 305 108 351; x_wconf 77' lang='grc' dir='ltr'>υ.</span> <span class='ocrx_word' id='word_1_4' title='bbox 119 307 149 354; x_wconf 85' lang='lat' dir='ltr'>c.</span> <span class='ocrx_word' id='word_1_5' title='bbox 167 294 220 352; x_wconf 80' lang='lat' dir='ltr'>rias</span> <span class='ocrx_word' id='word_1_6' title='bbox 235 314 269 353; x_wconf 82' lang='lat' dir='ltr'>ex</span> <span class='ocrx_word' id='word_1_7' title='bbox 284 293 377 351; x_wconf 80' lang='lat' dir='ltr'>Africa</span> <span class='ocrx_word' id='word_1_8' title='bbox 390 308 482 368; x_wconf 88' lang='lat' dir='ltr'>petere</span> <span class='ocrx_word' id='word_1_9' title='bbox 495 307 667 365; x_wconf 82' lang='lat' dir='ltr'>cogerentur,</span> <span class='ocrx_word' id='word_1_10' title='bbox 688 281 826 371; x_wconf 78' lang='lat' dir='ltr'>quidquid</span> <span class='ocrx_word' id='word_1_11' title='bbox 841 289 896 346; x_wconf 88' lang='lat' dir='ltr'>ubi·</span> 
     </span>
     <span class='ocr_line' id='line_1_3' title="bbox 104 372 898 450; baseline -0.004 -21"><span class='ocrx_word' id='word_1_12' title='bbox 104 384 145 432; x_wconf 83' lang='lat'>93·</span> <span class='ocrx_word' id='word_1_13' title='bbox 167 377 209 434; x_wconf 78' lang='lat' dir='ltr'>vir</span> <span class='ocrx_word' id='word_1_14' title='bbox 220 374 329 446; x_wconf 77' lang='lat' dir='ltr'>frugum</span> <span class='ocrx_word' id='word_1_15' title='bbox 341 373 514 433; x_wconf 73' lang='lat' dir='ltr'>fruetuumve</span> <span class='ocrx_word' id='word_1_16' title='bbox 525 391 594 445; x_wconf 81' lang='lat' dir='ltr'>erat,</span> <span class='ocrx_word' id='word_1_17' title='bbox 613 387 800 450; x_wconf 81' lang='lat' dir='ltr'>corruperant,</span> <span class='ocrx_word' id='word_1_18' title='bbox 821 372 898 429; x_wconf 85' lang='lat' dir='ltr'>etiam</span> 
     </span>
     <span class='ocr_line' id='line_1_4' title="bbox 84 440 898 562; baseline -0.008 -49.722"><span class='ocrx_word' id='word_1_19' title='bbox 84 440 149 560; x_wconf 43' lang='grc' dir='ltr'>,ια</span> <span class='ocrx_word' id='word_1_20' title='bbox 116 454 296 562; x_wconf 78' lang='lat' dir='ltr'>9supplicio</span> <span class='ocrx_word' id='word_1_21' title='bbox 310 455 406 511; x_wconf 86' lang='lat' dir='ltr'>mortis</span> <span class='ocrx_word' id='word_1_22' title='bbox 420 455 553 527; x_wconf 85' lang='lat' dir='ltr'>indigenis</span> <span class='ocrx_word' id='word_1_23' title='bbox 571 454 719 531; x_wconf 83' lang='lat' dir='ltr'>propofito,</span> <span class='ocrx_word' id='word_1_24' title='bbox 740 453 761 510; x_wconf 82' lang='lat' dir='ltr'>si</span> <span class='ocrx_word' id='word_1_25' title='bbox 776 453 838 530; x_wconf 78' lang='lat' dir='ltr'>quir</span> <span class='ocrx_word' id='word_1_26' title='bbox 851 450 898 507; x_wconf 86' lang='lat' dir='ltr'>tale</span> 
     </span>
    </p>

    <p class='ocr_par' dir='ltr' id='par_1_3' title="bbox 84 511 902 1339">
     <span class='ocr_line' id='line_1_5' title="bbox 84 511 899 693; baseline -0.004 -21.678"><span class='ocrx_word' id='word_1_27' title='bbox 84 511 899 693; x_wconf 55' lang='lat' dir='ltr'>§tiitinie’issffiizffindsszzilssssfii</span> 
     </span>
     <span class='ocr_line' id='line_1_6' title="bbox 163 695 898 849; baseline -0.004 -15"><span class='ocrx_word' id='word_1_28' title='bbox 163 695 538 836; x_wconf 51' lang='lat' dir='ltr'>amiili}ipatili‘iidiiiiiiiiiiar</span> <span class='ocrx_word' id='word_1_29' title='bbox 556 776 759 849; x_wconf 79' lang='lat' dir='ltr'>navigationem</span> <span class='ocrx_word' id='word_1_30' title='bbox 778 795 815 834; x_wconf 90' lang='lat' dir='ltr'>eo</span> <span class='ocrx_word' id='word_1_31' title='bbox 833 788 898 833; x_wconf 89' lang='lat' dir='ltr'>tern-</span> 
     </span>
     <span class='ocr_line' id='line_1_7' title="bbox 165 855 899 935; baseline -0.003 -20"><span class='ocrx_word' id='word_1_32' title='bbox 165 876 234 935; x_wconf 84' lang='lat' dir='ltr'>pore</span> <span class='ocrx_word' id='word_1_33' title='bbox 253 857 289 917; x_wconf 93' lang='lat' dir='ltr'>L.</span> <span class='ocrx_word' id='word_1_34' title='bbox 304 856 449 916; x_wconf 82' lang='lat' dir='ltr'>Cornelius</span> <span class='ocrx_word' id='word_1_35' title='bbox 463 858 555 917; x_wconf 87' lang='lat' dir='ltr'>consul</span> <span class='ocrx_word' id='word_1_36' title='bbox 568 859 689 919; x_wconf 79' lang='lat' dir='ltr'>instituit.</span> <span class='ocrx_word' id='word_1_37' title='bbox 710 863 737 914; x_wconf 70' lang='grc' dir='ltr'>δι</span> <span class='ocrx_word' id='word_1_38' title='bbox 752 856 829 934; x_wconf 77' lang='lat' dir='ltr'>priirs</span> <span class='ocrx_word' id='word_1_39' title='bbox 842 855 899 932; x_wconf 89' lang='lat' dir='ltr'>qui·</span> 
     </span>
     <span class='ocr_line' id='line_1_8' title="bbox 166 937 900 1016; baseline -0.004 -21"><span class='ocrx_word' id='word_1_40' title='bbox 166 937 233 996; x_wconf 86' lang='lat' dir='ltr'>dem</span> <span class='ocrx_word' id='word_1_41' title='bbox 246 939 275 996; x_wconf 88' lang='lat' dir='ltr'>in</span> <span class='ocrx_word' id='word_1_42' title='bbox 289 938 399 997; x_wconf 66' lang='lat' dir='ltr'>Corsica</span> <span class='ocrx_word' id='word_1_43' title='bbox 410 939 506 998; x_wconf 89' lang='lat' dir='ltr'>urbem</span> <span class='ocrx_word' id='word_1_44' title='bbox 518 939 682 1016; x_wconf 81' lang='lat' dir='ltr'>expugnavit</span> <span class='ocrx_word' id='word_1_45' title='bbox 696 937 832 996; x_wconf 86' lang='lat' dir='ltr'>Aleriam.</span> <span class='ocrx_word' id='word_1_46' title='bbox 849 953 900 1014; x_wconf 90' lang='lat' dir='ltr'>quo</span> 
     </span>
     <span class='ocr_line' id='line_1_9' title="bbox 166 1017 901 1098; baseline -0.004 -21"><span class='ocrx_word' id='word_1_47' title='bbox 166 1019 240 1078; x_wconf 68' lang='lat' dir='ltr'>faite</span> <span class='ocrx_word' id='word_1_48' title='bbox 260 1035 361 1078; x_wconf 84' lang='lat' dir='ltr'>ceterae</span> <span class='ocrx_word' id='word_1_49' title='bbox 379 1019 495 1077; x_wconf 69' lang='lat' dir='ltr'>facile&amp;</span> <span class='ocrx_word' id='word_1_50' title='bbox 512 1021 579 1078; x_wconf 83' lang='lat' dir='ltr'>citra</span> <span class='ocrx_word' id='word_1_51' title='bbox 594 1018 714 1077; x_wconf 84' lang='lat' dir='ltr'>laborem</span> <span class='ocrx_word' id='word_1_52' title='bbox 729 1034 777 1077; x_wconf 87' lang='lat' dir='ltr'>aut</span> <span class='ocrx_word' id='word_1_53' title='bbox 796 1017 901 1098; x_wconf 88' lang='lat' dir='ltr'>pericu·</span> 
     </span>
     <span class='ocr_line' id='line_1_10' title="bbox 167 1099 900 1178; baseline -0.004 -20"><span class='ocrx_word' id='word_1_54' title='bbox 167 1100 227 1158; x_wconf 83' lang='lat' dir='ltr'>ium</span> <span class='ocrx_word' id='word_1_55' title='bbox 242 1101 374 1175; x_wconf 84' lang='lat' dir='ltr'>adjunxit.</span> <span class='ocrx_word' id='word_1_56' title='bbox 396 1099 466 1158; x_wconf 90' lang='lat' dir='ltr'>Inde</span> <span class='ocrx_word' id='word_1_57' title='bbox 480 1099 629 1159; x_wconf 75' lang='lat' dir='ltr'>Sardiniam</span> <span class='ocrx_word' id='word_1_58' title='bbox 644 1100 747 1178; x_wconf 86' lang='lat' dir='ltr'>petenti</span> <span class='ocrx_word' id='word_1_59' title='bbox 760 1099 844 1157; x_wconf 82' lang='lat' dir='ltr'>claffis</span> <span class='ocrx_word' id='word_1_60' title='bbox 857 1116 900 1155; x_wconf 91' lang='lat' dir='ltr'>oc·</span> 
     </span>
     <span class='ocr_line' id='line_1_11' title="bbox 168 1179 901 1258; baseline -0.004 -19"><span class='ocrx_word' id='word_1_61' title='bbox 168 1183 253 1239; x_wconf 87' lang='lat' dir='ltr'>currit</span> <span class='ocrx_word' id='word_1_62' title='bbox 272 1182 415 1239; x_wconf 78' lang='lat' dir='ltr'>hostiumz&#39;</span> <span class='ocrx_word' id='word_1_63' title='bbox 434 1194 517 1258; x_wconf 87' lang='lat' dir='ltr'>quarn</span> <span class='ocrx_word' id='word_1_64' title='bbox 539 1179 673 1253; x_wconf 76' lang='lat' dir='ltr'>eggreisua</span> <span class='ocrx_word' id='word_1_65' title='bbox 693 1179 803 1253; x_wconf 81' lang='lat' dir='ltr'>consul,</span> <span class='ocrx_word' id='word_1_66' title='bbox 829 1195 901 1238; x_wconf 87' lang='lat' dir='ltr'>ante·</span> 
     </span>
     <span class='ocr_line' id='line_1_12' title="bbox 165 1259 902 1339; baseline -0.003 -19"><span class='ocrx_word' id='word_1_67' title='bbox 165 1281 252 1339; x_wconf 81' lang='lat' dir='ltr'>quam</span> <span class='ocrx_word' id='word_1_68' title='bbox 270 1263 306 1318; x_wconf 82' lang='lat' dir='ltr'>ad</span> <span class='ocrx_word' id='word_1_69' title='bbox 323 1280 418 1319; x_wconf 80' lang='lat' dir='ltr'>manus</span> <span class='ocrx_word' id='word_1_70' title='bbox 432 1276 546 1320; x_wconf 84' lang='lat' dir='ltr'>ventum</span> <span class='ocrx_word' id='word_1_71' title='bbox 560 1261 635 1333; x_wconf 83' lang='lat' dir='ltr'>eiiet,</span> <span class='ocrx_word' id='word_1_72' title='bbox 655 1260 684 1318; x_wconf 88' lang='lat' dir='ltr'>in</span> <span class='ocrx_word' id='word_1_73' title='bbox 700 1259 796 1333; x_wconf 79' lang='lat' dir='ltr'>fugam</span> <span class='ocrx_word' id='word_1_74' title='bbox 811 1262 902 1337; x_wconf 58' lang='lat' dir='ltr'>conjes</span> 
     </span>
    </p>
   </div>
   <div class='ocr_carea' id='block_1_3' title="bbox 162 1341 902 1495">
    <p class='ocr_par' dir='ltr' id='par_1_4' title="bbox 162 1341 902 1495">
     <span class='ocr_line' id='line_1_13' title="bbox 166 1341 902 1420; baseline 0.001 -22"><span class='ocrx_word' id='word_1_75' title='bbox 166 1341 215 1399; x_wconf 87' lang='lat' dir='ltr'>cit.</span> <span class='ocrx_word' id='word_1_76' title='bbox 250 1343 324 1400; x_wconf 83' lang='lat' dir='ltr'>Mox</span> <span class='ocrx_word' id='word_1_77' title='bbox 337 1341 373 1398; x_wconf 83' lang='lat' dir='ltr'>ad</span> <span class='ocrx_word' id='word_1_78' title='bbox 385 1341 498 1400; x_wconf 83' lang='lat' dir='ltr'>Olbiam</span> <span class='ocrx_word' id='word_1_79' title='bbox 511 1341 660 1420; x_wconf 67' lang='lat' dir='ltr'>profeciur,</span> <span class='ocrx_word' id='word_1_80' title='bbox 680 1361 768 1419; x_wconf 88' lang='lat' dir='ltr'>quum</span> <span class='ocrx_word' id='word_1_81' title='bbox 780 1343 810 1400; x_wconf 88' lang='lat' dir='ltr'>in</span> <span class='ocrx_word' id='word_1_82' title='bbox 825 1355 902 1420; x_wconf 84' lang='lat' dir='ltr'>portu</span> 
     </span>
     <span class='ocr_line' id='line_1_14' title="bbox 162 1421 902 1495; baseline 0.001 -15"><span class='ocrx_word' id='word_1_83' title='bbox 162 1421 269 1481; x_wconf 44' lang='lat' dir='ltr'>*multas</span> <span class='ocrx_word' id='word_1_84' title='bbox 283 1421 543 1493; x_wconf 74' lang='lat' dir='ltr'>Carthaginiensium</span> <span class='ocrx_word' id='word_1_85' title='bbox 555 1441 636 1480; x_wconf 83' lang='lat' dir='ltr'>naves</span> <span class='ocrx_word' id='word_1_86' title='bbox 648 1422 713 1480; x_wconf 80' lang='lat' dir='ltr'>stare</span> <span class='ocrx_word' id='word_1_87' title='bbox 725 1421 843 1495; x_wconf 78' lang='lat' dir='ltr'>vidiffer,</span> <span class='ocrx_word' id='word_1_88' title='bbox 857 1441 902 1481; x_wconf 90' lang='lat' dir='ltr'>ne·</span> 
     </span>
    </p>
   </div>
   <div class='ocr_carea' id='block_1_4' title="bbox 79 1499 902 2958">
    <p class='ocr_par' dir='ltr' id='par_1_5' title="bbox 79 1499 902 2958">
     <span class='ocr_line' id='line_1_15' title="bbox 167 1499 902 1582; baseline 0.001 -21"><span class='ocrx_word' id='word_1_89' title='bbox 167 1521 224 1580; x_wconf 87' lang='lat' dir='ltr'>que</span> <span class='ocrx_word' id='word_1_90' title='bbox 240 1501 266 1562; x_wconf 82' lang='lat' dir='ltr'>se</span> <span class='ocrx_word' id='word_1_91' title='bbox 284 1499 371 1562; x_wconf 73' lang='lat' dir='ltr'>satiri</span> <span class='ocrx_word' id='word_1_92' title='bbox 384 1501 503 1581; x_wconf 85' lang='lat' dir='ltr'>pedestri.</span> <span class='ocrx_word' id='word_1_93' title='bbox 517 1503 616 1562; x_wconf 84' lang='lat' dir='ltr'>robore</span> <span class='ocrx_word' id='word_1_94' title='bbox 632 1501 790 1561; x_wconf 68' lang='lat' dir='ltr'>instructum</span> <span class='ocrx_word' id='word_1_95' title='bbox 804 1503 841 1562; x_wconf 87' lang='lat' dir='ltr'>ad</span> <span class='ocrx_word' id='word_1_96' title='bbox 854 1524 902 1582; x_wconf 91' lang='lat' dir='ltr'>op·</span> 
     </span>
     <span class='ocr_line' id='line_1_16' title="bbox 168 1582 902 1663; baseline 0.004 -22"><span class='ocrx_word' id='word_1_97' title='bbox 168 1583 364 1663; x_wconf 76' lang='lat' dir='ltr'>pugnationem</span> <span class='ocrx_word' id='word_1_98' title='bbox 382 1583 456 1643; x_wconf 82' lang='lat' dir='ltr'>urbis</span> <span class='ocrx_word' id='word_1_99' title='bbox 475 1583 526 1641; x_wconf 78' lang='lat' dir='ltr'>situ</span> <span class='ocrx_word' id='word_1_100' title='bbox 545 1582 759 1642; x_wconf 75' lang='lat' dir='ltr'>&amp;defensorum</span> <span class='ocrx_word' id='word_1_101' title='bbox 781 1585 902 1644; x_wconf 86' lang='lat' dir='ltr'>multitu·</span> 
     </span>
     <span class='ocr_line' id='line_1_17' title="bbox 168 1663 901 1742; baseline 0.004 -21"><span class='ocrx_word' id='word_1_102' title='bbox 168 1665 236 1725; x_wconf 85' lang='lat' dir='ltr'>dine</span> <span class='ocrx_word' id='word_1_103' title='bbox 254 1664 352 1724; x_wconf 83' lang='lat' dir='ltr'>validae</span> <span class='ocrx_word' id='word_1_104' title='bbox 370 1664 502 1736; x_wconf 88' lang='lat' dir='ltr'>crederet,</span> <span class='ocrx_word' id='word_1_105' title='bbox 523 1663 619 1722; x_wconf 81' lang='lat' dir='ltr'>omiffo</span> <span class='ocrx_word' id='word_1_106' title='bbox 637 1663 667 1721; x_wconf 89' lang='lat' dir='ltr'>in</span> <span class='ocrx_word' id='word_1_107' title='bbox 687 1664 803 1742; x_wconf 72' lang='lat' dir='ltr'>praesens</span> <span class='ocrx_word' id='word_1_108' title='bbox 821 1685 901 1738; x_wconf 76' lang='lat' dir='ltr'>nego·</span> 
     </span>
     <span class='ocr_line' id='line_1_18' title="bbox 167 1743 902 1838; baseline 0.004 -34"><span class='ocrx_word' id='word_1_109' title='bbox 167 1746 222 1838; x_wconf 75' lang='lat' dir='ltr'>rio,</span> <span class='ocrx_word' id='word_1_110' title='bbox 241 1744 359 1806; x_wconf 86' lang='lat' dir='ltr'>domum</span> <span class='ocrx_word' id='word_1_111' title='bbox 370 1745 407 1805; x_wconf 78' lang='lat' dir='ltr'>ad</span> <span class='ocrx_word' id='word_1_112' title='bbox 421 1745 513 1825; x_wconf 69' lang='lat' dir='ltr'>plures</span> <span class='ocrx_word' id='word_1_113' title='bbox 524 1743 625 1804; x_wconf 74' lang='lat' dir='ltr'>militer</span> <span class='ocrx_word' id='word_1_114' title='bbox 637 1743 810 1807; x_wconf 71' lang='lat' dir='ltr'>adsumendos</span> <span class='ocrx_word' id='word_1_115' title='bbox 824 1747 902 1806; x_wconf 77' lang='lat' dir='ltr'>ahm-</span> 
     </span>
     <span class='ocr_line' id='line_1_19' title="bbox 168 1827 343 1897; baseline 0.011 -15"><span class='ocrx_word' id='word_1_116' title='bbox 168 1827 281 1897; x_wconf 81' lang='lat' dir='ltr'>vrgavit.</span> <span class='ocrx_word' id='word_1_117' title='bbox 341 1839 343 1843; x_wconf 77' lang='grc'>’</span> 
     </span>
     <span class='ocr_line' id='line_1_20' title="bbox 163 1905 900 1983; baseline 0.005 -20"><span class='ocrx_word' id='word_1_118' title='bbox 163 1928 166 1933; x_wconf 91' lang='grc'><strong><em>·</em></strong></span> <span class='ocrx_word' id='word_1_119' title='bbox 209 1905 316 1964; x_wconf 85' lang='lat' dir='ltr'>xvn.</span> <span class='ocrx_word' id='word_1_120' title='bbox 338 1905 390 1964; x_wconf 87' lang='lat' dir='ltr'>Per</span> <span class='ocrx_word' id='word_1_121' title='bbox 401 1906 477 1964; x_wconf 87' lang='lat' dir='ltr'>idem</span> <span class='ocrx_word' id='word_1_122' title='bbox 488 1919 598 1983; x_wconf 81' lang='lat' dir='ltr'>tempus</span> <span class='ocrx_word' id='word_1_123' title='bbox 608 1905 708 1967; x_wconf 79' lang='lat' dir='ltr'>servilis</span> <span class='ocrx_word' id='word_1_124' title='bbox 722 1908 752 1966; x_wconf 91' lang='lat' dir='ltr'>in</span> <span class='ocrx_word' id='word_1_125' title='bbox 762 1908 831 1969; x_wconf 88' lang='lat' dir='ltr'>urbe</span> <span class='ocrx_word' id='word_1_126' title='bbox 843 1928 900 1967; x_wconf 88' lang='lat' dir='ltr'>mo·</span> 
     </span>
     <span class='ocr_line' id='line_1_21' title="bbox 167 1984 901 2066; baseline 0.008 -23"><span class='ocrx_word' id='word_1_127' title='bbox 167 1996 213 2044; x_wconf 67' lang='lat' dir='ltr'>tur</span> <span class='ocrx_word' id='word_1_128' title='bbox 230 1984 302 2044; x_wconf 88' lang='lat' dir='ltr'>iuter</span> <span class='ocrx_word' id='word_1_129' title='bbox 318 1985 373 2063; x_wconf 77' lang='lat' dir='ltr'>ipsa</span> <span class='ocrx_word' id='word_1_130' title='bbox 386 1986 462 2045; x_wconf 88' lang='lat' dir='ltr'>initia</span> <span class='ocrx_word' id='word_1_131' title='bbox 478 1985 594 2046; x_wconf 84' lang='lat' dir='ltr'>feliciter</span> <span class='ocrx_word' id='word_1_132' title='bbox 611 1988 787 2066; x_wconf 81' lang='lat' dir='ltr'>compreffus,</span> <span class='ocrx_word' id='word_1_133' title='bbox 809 1990 901 2062; x_wconf 70' lang='lat' dir='ltr'>magne</span> 
     </span>
     <span class='ocr_line' id='line_1_22' title="bbox 167 2064 900 2144; baseline 0.008 -20"><span class='ocrx_word' id='word_1_134' title='bbox 167 2064 365 2144; x_wconf 78' lang='lat' dir='ltr'>rempublicam</span> <span class='ocrx_word' id='word_1_135' title='bbox 383 2066 561 2126; x_wconf 86' lang='lat' dir='ltr'>sollicitudine</span> <span class='ocrx_word' id='word_1_136' title='bbox 579 2067 658 2128; x_wconf 84' lang='lat' dir='ltr'>fimul</span> <span class='ocrx_word' id='word_1_137' title='bbox 675 2069 777 2143; x_wconf 76' lang='lat' dir='ltr'>effecit,</span> <span class='ocrx_word' id='word_1_138' title='bbox 798 2077 825 2129; x_wconf 73' lang='grc' dir='ltr'>δι</span> <span class='ocrx_word' id='word_1_139' title='bbox 839 2072 900 2130; x_wconf 87' lang='lat' dir='ltr'>libc-</span> 
     </span>
     <span class='ocr_line' id='line_1_23' title="bbox 168 2147 900 2222; baseline 0.007 -16"><span class='ocrx_word' id='word_1_140' title='bbox 168 2148 249 2210; x_wconf 84' lang='lat' dir='ltr'>ravit.</span> <span class='ocrx_word' id='word_1_141' title='bbox 292 2147 341 2206; x_wconf 87' lang='lat' dir='ltr'>Ad</span> <span class='ocrx_word' id='word_1_142' title='bbox 357 2147 464 2207; x_wconf 80' lang='lat' dir='ltr'>claffem</span> <span class='ocrx_word' id='word_1_143' title='bbox 477 2148 658 2207; x_wconf 74' lang='lat' dir='ltr'>inliniendem</span> <span class='ocrx_word' id='word_1_144' title='bbox 673 2170 708 2208; x_wconf 86' lang='lat' dir='ltr'>ex</span> <span class='ocrx_word' id='word_1_145' title='bbox 722 2151 850 2222; x_wconf 81' lang='lat' dir='ltr'>gentibus</span> <span class='ocrx_word' id='word_1_146' title='bbox 863 2171 900 2210; x_wconf 88' lang='lat' dir='ltr'>re-</span> 
     </span>
     <span class='ocr_line' id='line_1_24' title="bbox 164 2226 900 2309; baseline 0.005 -22"><span class='ocrx_word' id='word_1_147' title='bbox 164 2228 233 2288; x_wconf 69' lang='lat' dir='ltr'>cens</span> <span class='ocrx_word' id='word_1_148' title='bbox 254 2226 368 2305; x_wconf 69' lang='lat' dir='ltr'>deviCtir</span> <span class='ocrx_word' id='word_1_149' title='bbox 388 2228 494 2288; x_wconf 76' lang='lat' dir='ltr'>navales</span> <span class='ocrx_word' id='word_1_150' title='bbox 512 2229 577 2287; x_wconf 88' lang='lat' dir='ltr'>socii</span> <span class='ocrx_word' id='word_1_151' title='bbox 595 2229 750 2309; x_wconf 80' lang='lat' dir='ltr'>frequentes</span> <span class='ocrx_word' id='word_1_152' title='bbox 768 2233 900 2304; x_wconf 77' lang='lat' dir='ltr'>cogebar·</span> 
     </span>
     <span class='ocr_line' id='line_1_25' title="bbox 168 2309 900 2388; baseline 0.007 -20"><span class='ocrx_word' id='word_1_153' title='bbox 168 2323 234 2368; x_wconf 81' lang='lat' dir='ltr'>tur:</span> <span class='ocrx_word' id='word_1_154' title='bbox 255 2328 407 2388; x_wconf 86' lang='lat' dir='ltr'>eorumque</span> <span class='ocrx_word' id='word_1_155' title='bbox 427 2324 487 2368; x_wconf 85' lang='lat' dir='ltr'>turn</span> <span class='ocrx_word' id='word_1_156' title='bbox 507 2309 543 2367; x_wconf 80' lang='lat' dir='ltr'>ad</span> <span class='ocrx_word' id='word_1_157' title='bbox 563 2325 679 2387; x_wconf 87' lang='lat' dir='ltr'>quatuor</span> <span class='ocrx_word' id='word_1_158' title='bbox 698 2312 787 2371; x_wconf 88' lang='lat' dir='ltr'>millia</span> <span class='ocrx_word' id='word_1_159' title='bbox 807 2314 900 2372; x_wconf 73' lang='lat' dir='ltr'>Rome</span> 
     </span>
     <span class='ocr_line' id='line_1_26' title="bbox 168 2389 901 2470; baseline 0.005 -24"><span class='ocrx_word' id='word_1_160' title='bbox 168 2405 363 2462; x_wconf 82' lang='lat' dir='ltr'>convenerant,</span> <span class='ocrx_word' id='word_1_161' title='bbox 375 2389 508 2449; x_wconf 82' lang='lat' dir='ltr'>Samnites</span> <span class='ocrx_word' id='word_1_162' title='bbox 519 2389 651 2468; x_wconf 85' lang='lat' dir='ltr'>plerique.</span> <span class='ocrx_word' id='word_1_163' title='bbox 683 2391 709 2449; x_wconf 90' lang='lat' dir='ltr'>Ii</span> <span class='ocrx_word' id='word_1_164' title='bbox 722 2391 800 2470; x_wconf 67' lang='lat' dir='ltr'>quid</span> <span class='ocrx_word' id='word_1_165' title='bbox 812 2392 827 2453; x_wconf 74' lang='grc' dir='ltr'>ἰ</span> <span class='ocrx_word' id='word_1_166' title='bbox 840 2393 901 2452; x_wconf 84' lang='lat' dir='ltr'>mari</span> 
     </span>
     <span class='ocr_line' id='line_1_27' title="bbox 168 2470 900 2543; baseline 0.006 -15"><span class='ocrx_word' id='word_1_167' title='bbox 168 2470 355 2543; x_wconf 82' lang='lat' dir='ltr'>abhorrerent,</span> <span class='ocrx_word' id='word_1_168' title='bbox 376 2471 564 2529; x_wconf 87' lang='lat' dir='ltr'>conditionem</span> <span class='ocrx_word' id='word_1_169' title='bbox 584 2471 658 2530; x_wconf 87' lang='lat' dir='ltr'>suam</span> <span class='ocrx_word' id='word_1_170' title='bbox 677 2473 785 2532; x_wconf 77' lang='lat' dir='ltr'>secretis</span> <span class='ocrx_word' id='word_1_171' title='bbox 804 2474 900 2534; x_wconf 89' lang='lat' dir='ltr'>sermo·</span> 
     </span>
     <span class='ocr_line' id='line_1_28' title="bbox 169 2549 899 2630; baseline 0.01 -21"><span class='ocrx_word' id='word_1_172' title='bbox 169 2549 250 2609; x_wconf 78' lang='lat' dir='ltr'>nibus</span> <span class='ocrx_word' id='word_1_173' title='bbox 271 2550 397 2623; x_wconf 81' lang='lat' dir='ltr'>miserati,</span> <span class='ocrx_word' id='word_1_174' title='bbox 419 2549 453 2610; x_wconf 75' lang='lat' dir='ltr'>ed</span> <span class='ocrx_word' id='word_1_175' title='bbox 472 2552 555 2630; x_wconf 83' lang='lat' dir='ltr'>usque</span> <span class='ocrx_word' id='word_1_176' title='bbox 575 2551 737 2625; x_wconf 79' lang='lat' dir='ltr'>exarserunt,</span> <span class='ocrx_word' id='word_1_177' title='bbox 759 2572 791 2614; x_wconf 90' lang='lat' dir='ltr'>ut</span> <span class='ocrx_word' id='word_1_178' title='bbox 809 2556 899 2615; x_wconf 89' lang='lat' dir='ltr'>urbem</span> 
     </span>
     <span class='ocr_line' id='line_1_29' title="bbox 79 2630 899 2726; baseline 0.002 -36"><span class='ocrx_word' id='word_1_179' title='bbox 79 2649 84 2658; x_wconf 93' lang='lat'>·</span> <span class='ocrx_word' id='word_1_180' title='bbox 169 2630 316 2691; x_wconf 86' lang='lat' dir='ltr'>incendere</span> <span class='ocrx_word' id='word_1_181' title='bbox 333 2647 413 2711; x_wconf 79' lang='lat' dir='ltr'>etque</span> <span class='ocrx_word' id='word_1_182' title='bbox 427 2631 543 2726; x_wconf 84' lang='lat' dir='ltr'>diripere</span> <span class='ocrx_word' id='word_1_183' title='bbox 557 2632 757 2711; x_wconf 43' lang='lat' dir='ltr'>agitavenntff</span> <span class='ocrx_word' id='word_1_184' title='bbox 745 2655 857 2716; x_wconf 83' lang='lat' dir='ltr'>Jamque</span> <span class='ocrx_word' id='word_1_185' title='bbox 870 2631 899 2694; x_wconf 76' lang='lat' dir='ltr'>ed</span> 
     </span>
     <span class='ocr_line' id='line_1_30' title="bbox 170 2712 900 2796; baseline 0.007 -24"><span class='ocrx_word' id='word_1_186' title='bbox 170 2714 221 2772; x_wconf 79' lang='lat' dir='ltr'>tria</span> <span class='ocrx_word' id='word_1_187' title='bbox 234 2712 373 2771; x_wconf 75' lang='lat' dir='ltr'>seruorum</span> <span class='ocrx_word' id='word_1_188' title='bbox 387 2713 494 2771; x_wconf 82' lang='lat' dir='ltr'>millia</span> <span class='ocrx_word' id='word_1_189' title='bbox 486 2733 516 2772; x_wconf 87' lang='grc' dir='ltr'>ιιι</span> <span class='ocrx_word' id='word_1_190' title='bbox 529 2713 655 2772; x_wconf 88' lang='lat' dir='ltr'>eamdem</span> <span class='ocrx_word' id='word_1_191' title='bbox 668 2714 829 2777; x_wconf 88' lang='lat' dir='ltr'>sententiam</span> <span class='ocrx_word' id='word_1_192' title='bbox 844 2737 900 2796; x_wconf 72' lang='lat' dir='ltr'>pero</span> 
     </span>
     <span class='ocr_line' id='line_1_31' title="bbox 167 2793 899 2876; baseline 0.001 -22"><span class='ocrx_word' id='word_1_193' title='bbox 167 2808 315 2865; x_wconf 78' lang='lat' dir='ltr'>traxerant,</span> <span class='ocrx_word' id='word_1_194' title='bbox 336 2793 459 2874; x_wconf 86' lang='lat' dir='ltr'>quotidie</span> <span class='ocrx_word' id='word_1_195' title='bbox 476 2794 636 2852; x_wconf 84' lang='lat' dir='ltr'>sumente&#39;</span> <span class='ocrx_word' id='word_1_196' title='bbox 609 2813 681 2853; x_wconf 77' lang='lat' dir='ltr'>vires</span> <span class='ocrx_word' id='word_1_197' title='bbox 697 2797 899 2876; x_wconf 82' lang='lat' dir='ltr'>conspiratione,</span> 
     </span>
     <span class='ocr_line' id='line_1_32' title="bbox 160 2874 898 2958; baseline 0.004 -25.037"><span class='ocrx_word' id='word_1_198' title='bbox 160 2894 256 2950; x_wconf 68' lang='lat' dir='ltr'>quum</span> <span class='ocrx_word' id='word_1_199' title='bbox 270 2874 350 2948; x_wconf 78' lang='lat' dir='ltr'>Erius</span> <span class='ocrx_word' id='word_1_200' title='bbox 365 2875 478 2934; x_wconf 80' lang='lat' dir='ltr'>Petilius</span> <span class='ocrx_word' id='word_1_201' title='bbox 495 2874 638 2952; x_wconf 68' lang='lat' dir='ltr'>praefedtue</span> <span class='ocrx_word' id='word_1_202' title='bbox 656 2877 822 2938; x_wconf 85' lang='lat' dir='ltr'>auxiliorum</span> <span class='ocrx_word' id='word_1_203' title='bbox 841 2898 898 2958; x_wconf 88' lang='lat' dir='ltr'>pru·</span> 
     </span>
    </p>
   </div>
   <div class='ocr_carea' id='block_1_5' title="bbox 157 2952 897 3098">
    <p class='ocr_par' dir='ltr' id='par_1_6' title="bbox 157 2952 897 3098">
     <span class='ocr_line' id='line_1_33' title="bbox 157 2952 897 3098; baseline 0.009 -89"><span class='ocrx_word' id='word_1_204' title='bbox 157 2952 245 3014; x_wconf 71' lang='lat' dir='ltr'>denti</span> <span class='ocrx_word' id='word_1_205' title='bbox 258 2941 535 3098; x_wconf 58' lang='lat' dir='ltr'>confilifficnlum</span> <span class='ocrx_word' id='word_1_206' title='bbox 551 2975 636 3014; x_wconf 88' lang='lat' dir='ltr'>omne</span> <span class='ocrx_word' id='word_1_207' title='bbox 648 2957 771 3017; x_wconf 86' lang='lat' dir='ltr'>discussit.</span> <span class='ocrx_word' id='word_1_208' title='bbox 814 2962 897 3018; x_wconf 89' lang='lat' dir='ltr'>Simu·</span> 
     </span>
    </p>
   </div>
   <div class='ocr_carea' id='block_1_6' title="bbox 157 3030 934 3137">
    <p class='ocr_par' dir='ltr' id='par_1_7' title="bbox 157 3030 934 3137">
     <span class='ocr_line' id='line_1_34' title="bbox 157 3030 934 3137; baseline 0.006 -41.045"><span class='ocrx_word' id='word_1_209' title='bbox 157 3030 240 3096; x_wconf 70' lang='lat' dir='ltr'>into</span> <span class='ocrx_word' id='word_1_210' title='bbox 237 3037 312 3103; x_wconf 77' lang='lat' dir='ltr'>enim</span> <span class='ocrx_word' id='word_1_211' title='bbox 325 3055 351 3114; x_wconf 74' lang='lat' dir='ltr'>ej</span> <span class='ocrx_word' id='word_1_212' title='bbox 462 3035 702 3113; x_wconf 65' lang='lat' dir='ltr'>remonstrare,</span> <span class='ocrx_word' id='word_1_213' title='bbox 724 3041 895 3107; x_wconf 75' lang='lat' dir='ltr'>machinatio·</span> <span class='ocrx_word' id='word_1_214' title='bbox 932 3125 934 3137; x_wconf 23' lang='lat' dir='ltr'><em>A</em></span> 
     </span>
    </p>
   </div>
   <div class='ocr_carea' id='block_1_7' title="bbox 0 0 989 3736">
    <p class='ocr_par' dir='ltr' id='par_1_8' title="bbox 0 0 989 3736">
     <span class='ocr_line' id='line_1_35' title="bbox 0 0 989 3736; baseline 0 0"><span class='ocrx_word' id='word_1_215' title='bbox 0 0 989 3736; x_wconf 95' lang='lat' dir='ltr'> </span> 
     </span>
    </p>
   </div>
  </div>
 </body>
</html>
