1956 3736
209 165 270 226 274
362 151 390 227 J.
423 151 784 211 ratramus:
841 131 844 135 .

115 289 147 338 U.
161 295 184 340 e
210 300 252 344 tot
265 289 387 347 maximis
400 290 475 347 bellis
488 289 611 365 prospere
626 289 768 360 confectis,
789 309 840 349 nec
854 291 925 367 impe-

127 368 143 410 5
160 370 184 416 ⁷·
211 382 279 426 trare
294 383 381 426 tamen
397 390 491 446 pacem
507 370 585 446 saepe,
606 391 658 428 nec
672 370 790 428 retinere
807 370 855 428 diu
870 370 927 427 didi

116 423 187 547 *ὦ*
210 449 256 505 cit.
273 449 348 507 Nam
361 462 425 506 tunc
439 470 549 527 quoqne
563 451 621 526 post
635 450 738 508 menses
753 452 859 509 nonita
872 446 927 508 mul-

176 520 183 536 ’
210 543 263 598 tos,
283 529 348 586 novi
363 543 478 587 terrores
494 531 612 587 nunciati
631 530 754 587 laetitiam
769 532 820 588 otii
834 533 881 589 vix
892 529 928 586 ad·

208 607 263 665 bate
280 610 377 666 animis
396 623 550 687 perceptam
568 609 625 667 citri
637 610 821 668 discusserunt.
842 613 928 668 nam&

208 687 285 745 Sardi
299 690 392 748 recens
405 690 513 760 subseri,
522 692 619 766 jugum
632 690 821 747 excutiebant:
837 697 863 748 δι
873 691 929 748 Cor·

208 768 296 826 sorum
312 772 486 847 erumpebant
500 770 623 828 consrlia:
645 775 672 826 δι
686 772 715 826 in
730 770 786 847 ipsa
802 770 882 828 Italia
892 769 928 828 Li

208 868 288 919 gures
304 853 450 908 tumultum
465 865 612 908 moverant.

115 912 186 1034 ξιξ
249 931 318 989 xv.
341 932 416 1002 Ergo
436 933 471 989 1..
485 930 621 988 Postumio
637 931 674 988 A.
692 931 725 987 r.
744 929 784 989 A.
802 932 847 991 N.
865 928 930 988 mu-

117 1045 145 1086 Α,
159 1044 185 1088 c·
209 1029 256 1080 uo,
279 1011 327 1087 Sp.
344 1011 463 1069 Carvilio
480 1012 525 1088 Sp.
543 1012 575 1069 F.
593 1011 626 1067 C.
644 1010 686 1067 N.
704 1011 836 1068 Maximo
851 1008 932 1084 consu·
966 1083 969 1088 1

123 1116 184 1168 ²34·
208 1091 279 1148 libus
292 1092 432 1162 negotium
443 1091 536 1150 datum
548 1105 579 1148 ut
591 1091 723 1146 exercitus
737 1091 931 1150 conscriberent.

208 1171 307 1248 quibus
321 1173 449 1228 trifariam
463 1171 563 1241 divisse,
584 1184 613 1228 ut
627 1171 715 1227 hostes
729 1169 765 1227 ab
779 1191 835 1248 ope
849 1165 933 1230 mutui

206 1251 318 1311 serenda
341 1251 575 1322 distringerentur.
598 1251 634 1307 L.
652 1250 806 1309 Postumius
830 1253 933 1324 Ligures

208 1330 318 1387 adortus
333 1331 369 1387 est
375 1353 385 1396 ς
406 1332 453 1406 Sp.
465 1331 597 1388 Carvilius
613 1331 727 1397 Corsos3
750 1332 780 1388 in
795 1333 934 1390 sardinus

208 1408 240 1468 P.
249 1410 392 1468 Cornelius
406 1411 466 1470 ivit.
489 1412 582 1486 Hujus
594 1410 685 1468 insulae
698 1411 803 1469 coelum
815 1412 933 1470 insalubre

207 1489 351 1548 morbis&
369 1491 516 1568 pestilentis
530 1491 643 1548 tentavit
659 1492 829 1550 exercitum:
851 1488 934 1551 multi·

207 1590 262 1648 que
284 1590 318 1628 ex
333 1590 367 1628 co
380 1571 506 1629 mortales
520 1591 583 1628 cum
598 1571 654 1647 ipso
666 1585 786 1646 praetore
801 1570 933 1648 absumpti.

208 1649 295 1709 Unde
313 1651 396 1711 elatos
414 1653 505 1709 animo
523 1650 620 1708 Sardos
637 1650 754 1708 consulis
770 1652 819 1729 Sp.
833 1648 935 1710 Carvilii

205 1731 338 1790 adventus
352 1733 454 1805 ingenti
471 1731 564 1809 praelio
579 1730 707 1788 codrcuit.
742 1731 822 1790 Corsi
836 1748 935 1810 quoque

207 1811 355 1869 abeodem
374 1813 433 1869 sunt
451 1812 560 1870 subaffl.
596 1810 645 1868 Ob
664 1830 708 1867 eas
728 1831 771 1868 res
791 1812 934 1888 triumphus

170 1982 175 1987 -
205 1889 935 2039 uterutt.rtus.”.s¹‘sz·;3²s.st2¹t

204 2049 324 2107 exercitu
337 2048 466 2107 cousulari
480 2069 522 2106 rer
537 2049 606 2108 bene
621 2051 709 2122 gestae.

247 2131 332 2188 XVI.
355 2131 394 2187 At
410 2130 508 2186 Romae
524 2130 628 2188 Tuccia
645 2131 723 2201 virgo
737 2131 854 2190 Vestalis
868 2136 935 2192 ince-

205 2210 237 2268 sti
251 2210 385 2280 damnata,
407 2231 440 2268 eo
458 2213 559 2284 majore
574 2212 684 2288 probro,
706 2209 785 2289 qudd
802 2215 935 2274 consuetu·

206 2291 300 2348 dinem
320 2291 400 2367 stupri
420 2310 483 2347 cum
503 2291 577 2348 seruo
595 2292 734 2362 habuerat,
755 2293 802 2352 sust
819 2294 844 2352 se
861 2314 936 2354 manu

206 2371 351 2428 interemit.
394 2370 523 2427 Censores
545 2371 644 2429 deinde
667 2373 701 2429 C.
719 2368 824 2431 Atilius
847 2376 883 2433 A.
904 2376 934 2433 F.

207 2454 243 2507 A.
258 2452 299 2508 N.
316 2449 426 2521 Bulbus,
441 2451 477 2511 A.
488 2451 636 2508 Postumius
653 2453 689 2509 A.
704 2454 739 2510 F.
755 2453 791 2509 L.
809 2454 850 2512 N.
863 2455 935 2512 Albi·

204 2549 267 2598 nus,
288 2530 400 2587 lustrum
414 2529 646 2606 quadrigesrmum
658 2532 756 2589 fecere.
790 2533 857 2591 Hoc
871 2554 935 2610 quo·

205 2629 259 2688 que
284 2610 364 2667 lustro
389 2611 527 2686 pauciores
552 2609 634 2687 quim
657 2610 843 2688 superioribus
859 2613 935 2671 suiffe

205 2691 297 2750 censos
320 2693 474 2764 (numerum
496 2691 569 2747 enim
591 2710 646 2748 non
668 2691 774 2767 reperio
797 2694 933 2763 traditum)

195 2783 396 2843 ,argumentum
410 2771 457 2840 est,
479 2767 554 2847 qutid
567 2771 601 2828 ad
616 2770 767 2842 augendam
783 2772 935 2831 hominibus

205 2849 344 2910 ciuitatem
369 2850 489 2907 censores
513 2851 603 2924 jurare
629 2850 747 2920 singulos
774 2856 936 2925 coegerunt,

204 2949 311 2988 uxorem
326 2931 359 3006 se
377 2931 515 2986 liberorum
535 2931 729 3004 quaerendorum
745 2931 845 3004 gratiss
863 2933 934 2991 habi-

203 3020 285 3069 turos.
321 3011 388 3075 Hoc
407 3029 477 3070 anuo
497 3011 551 3084 Cn.
567 3011 682 3087 Naeuius
701 3011 872 3090 Campanus,
892 3013 934 3092 qui
