1956 3736
219 160 275 221 ¹9²
368 142 396 219 J.
431 141 793 200 Furuusuaurrr
855 155 859 161 ·

120 275 192 325 lac.
214 289 275 328 rum
297 269 428 327 exercitus
447 266 575 344 impulsus
597 266 677 338 foret,
699 268 727 325 ni
749 266 872 325 cohortes
890 264 932 323 alia

120 356 190 457 293
213 371 248 445 ex
267 365 339 426 parte
357 347 539 447 circumgredi
552 348 640 447 jussae,
662 349 767 406 hostem
788 347 933 406 cedentibus

211 428 934 585 ueterumminueretur

209 588 342 660 recolligi,
364 594 389 646 δι
399 589 434 645 ad
446 588 619 665 repetendam
633 609 752 665 pugnam
766 590 880 647 animari
893 608 935 665 po·

208 684 294 729 tuere.
337 671 382 727 sic
406 669 543 746 utrimque
563 669 702 744 impetitus
729 669 829 741 hostis,
858 687 935 747 quum

208 749 374 829 aliquamdiu
396 748 533 808 fortissime
552 749 692 822 restitisset,
717 748 817 808 cedere
836 751 936 810 coactu

208 833 255 892 est.
937 877 940 884 .

129 951 132 957 -
247 913 331 972 XIX.
355 911 440 992 Quod
453 910 500 970 nbi
518 910 575 969 sieri
589 909 824 981 Carthaginienses
838 911 941 982 videre,¹

205 990 336 1054 continuo
358 993 383 1051 se
404 994 515 1068 ejiciunt
535 991 632 1062 castris,
660 996 837 1050 &contento
857 992 937 1050 studio

206 1076 323 1146 fugiunt.
366 1075 403 1130 Et
427 1073 573 1149 elephantis
593 1069 704 1148 quidem
734 1073 954 1151 equitibusque,³

206 1157 347 1234 postquam
365 1154 484 1230 planiora
501 1155 560 1210 loca
578 1151 700 1222 attigere,
721 1150 810 1209 facilis
829 1158 856 1210 dc
870 1167 938 1212 tutus

204 1250 328 1312 receptus
349 1234 420 1291 suit:
447 1233 596 1308 peditatum
617 1231 697 1307 paulo
720 1232 831 1304 longius
854 1233 937 1310 perse·

203 1318 282 1391 quuti
304 1314 435 1384 viliores,
460 1313 495 1369 ad
514 1312 596 1370 castra
617 1311 770 1388 diripienda
790 1313 937 1375 redierunt.

203 1393 267 1453 Hae
285 1394 373 1471 pugni
389 1395 535 1451 Pomorum
553 1391 745 1470 septemdecim
764 1393 852 1452 millia
864 1393 937 1466 casa,

201 1475 324 1553 quinque
341 1488 420 1552 capta
436 1473 599 1544 reseruntur,
620 1492 684 1530 cum
702 1473 857 1551 elephantis
870 1474 937 1534 duo·

202 1555 342 1626 deviginti.
384 1556 505 1613 Eventus
518 1554 599 1628 liujus
617 1552 704 1631 praelii
717 1573 775 1613 non
789 1552 878 1614 modd
894 1569 937 1616 to·

200 1649 258 1696 tam
280 1634 350 1694 circi
371 1636 521 1707 regionem,
542 1634 687 1692 sedetiam
708 1634 818 1707 longius
839 1636 936 1696 diffitot

200 1717 317 1795 populos
331 1717 463 1775 Romanis
478 1714 642 1785 conciliavit,
663 1713 810 1793 diebusque
828 1717 936 1776 nonita

200 1797 294 1854 multis
308 1796 407 1872 oppida
420 1797 528 1853 circiter
537 1796 674 1866 osioginta
688 1795 717 1852 in
731 1795 817 1855 sidem
828 1817 935 1858 venere.
949 1794 952 1801 '

202 1874 288 1932 Unde
303 1876 402 1932 Poenos
417 1875 445 1932 in
460 1893 570 1945 magnas
584 1875 715 1946 angustias
732 1876 858 1936 redaslos
873 1883 939 1957 proi

198 1953 350 2032 pemodum
375 1955 537 2013 exanimavit
559 1956 631 2033 capti
650 1953 665 2013 a
685 1957 796 2029 Regulo
817 1958 933 2018 Tunetis

197 2036 340 2107 nuncium,
359 2035 434 2094 urbis
456 2049 512 2093 tam
531 2039 655 2107 munita,
676 2042 701 2094 δι
718 2058 781 2116 quae
800 2039 837 2099 ad
857 2042 933 2120 quin·

198 2115 398 2176 tumdecimum
418 2115 433 2174 a
455 2116 618 2188 Carthagine
638 2117 757 2196 lapidem
776 2119 876 2198 posita,
900 2137 936 2180 ne

198 2198 338 2257 occultum
352 2197 464 2276 quidem
478 2196 596 2256 hostibus
609 2197 705 2258 sineret
717 2198 781 2271 esse,
800 2200 932 2281 quidquid

197 2277 238 2336 ibi
258 2278 344 2351 fieret,
364 2294 425 2337 tum
443 2276 478 2335 ad
496 2278 579 2356 ipsam
597 2279 704 2351 urbem,
726 2294 788 2341 tum
807 2282 844 2344 ad
861 2301 930 2345 mare

196 2360 381 2437 propinquum
395 2372 502 2436 patente
515 2358 668 2436 prospellu.

236 2440 304 2497 XX.
326 2439 428 2518 Neque
445 2438 531 2497 sollum
549 2439 669 2498 Romani
686 2439 750 2499 belli
769 2455 861 2504 terror
878 2445 928 2506 cir·

153 2535 165 2556 ¹
194 2519 375 2592 cumsleterat,
396 2519 443 2578 sed
460 2518 597 2579 Numida
616 2541 726 2599 quoque
743 2526 883 2586 veteribus
898 2545 928 2586 o·

194 2597 258 2671 diis,
279 2599 417 2659 occasione
437 2599 509 2660 nova
527 2600 653 2660 stimulati
672 2621 747 2661 arma
767 2620 925 2675 moverante

193 2679 373 2760 vastandoque
387 2686 413 2740 a
423 2680 528 2741 urendo
544 2681 660 2741 Punicos
676 2702 756 2756 agros
770 2687 834 2764 plus
849 2689 926 2748 etiam

192 2763 302 2822 terroris
316 2767 342 2821 δι
352 2763 447 2834 cladis,
467 2760 550 2840 quim
559 2763 699 2824 Romanus
713 2763 809 2841 hostis,
829 2770 924 2830 insere·

192 2841 267 2902 bant.
289 2848 315 2901 8c
332 2843 361 2901 in
378 2843 475 2903 urbem
492 2842 613 2922 undique
631 2845 821 2917 confugientes
839 2849 924 2910 rustici

192 2939 249 2981 non
268 2923 508 2984 constemationem
525 2923 611 2984 modo
628 2927 788 3001 maximam,
810 2930 857 2990 sed
870 2933 922 3014 jam

191 2999 294 3068 &mem
315 3023 426 3085 quoque
445 3004 599 3069 faciebant:
623 3007 779 3072 absumente
799 3030 920 3090 magnam
