1956 3736
168 142 357 203 Surrunn.
380 140 515 202 L..X1X
536 139 694 211 Lrvttn.
743 143 799 225 263

66 284 186 332 tremum
203 273 257 371 ³Ps²
275 291 385 351 quoque
404 271 478 332 aedee
489 273 580 332 Vestae
599 272 692 333 ardere
706 274 798 353 coepit.
808 284 838 331 U.
851 287 879 334 e.

68 354 150 411 Tum
165 373 231 412 vero
248 354 282 411 L
295 352 422 412 Caecilius
441 355 576 448 pontifex
581 355 716 413 maximus
729 355 799 413 sacra
817 361 831 404 5
837 363 875 398 ¹¹·

64 416 849 589 {fillltttffldl.tt²t.sltl.tl‘ll²tffil
854 493 899 577 ·.

68 592 170 651 Nam
162 613 190 652 ιιι
210 595 342 652 medios
334 614 410 667 ignee
428 594 556 666 insultus,
575 593 648 652 nulli
667 595 706 653 sui
724 596 800 668 curt,

65 671 135 732 dum
153 672 254 732 divinae
272 694 315 732 ree
333 675 410 732 salvae
428 675 520 746 ellent,
540 640 671 733 (leserta
658 696 673 732 a
687 676 801 748 virgini-

66 751 118 812 bus
131 752 202 815 secra
222 774 257 814 ex
275 755 403 813 incendio
420 757 515 833 rapuit.
552 755 613 832 Ipse
630 755 741 813 brachio
759 757 800 815 se·

67 833 299 906 miustulatumc
322 835 411 894 exusti
430 835 547 894 flammis
569 834 711 893 oculorum
730 837 798 909 acie,

65 928 163 991 praeter
188 915 311 974 solatium
330 915 394 972 salii
413 916 467 986 sui,
494 915 638 992 praemium
658 936 673 972 a
697 917 815 993 populo-

65 994 194 1054 Romano
217 995 432 1074 pulcherrimum
453 996 567 1074 accepit,
593 1009 624 1051 ut
644 996 750 1072 quoties
771 997 800 1054 in

65 1073 208 1134 senatum'
199 1089 261 1148 net,
281 1095 361 1134 curru
375 1076 519 1134 veheretur
534 1075 568 1133 ad
583 1075 702 1135 curiam:
724 1076 800 1154 quod

66 1152 101 1212 ab
114 1155 225 1214 condita
236 1156 303 1214 urbe
315 1155 447 1214 tributum
459 1154 563 1214 nemim
554 1146 672 1213 luerat.

107 1235 207 1295 LXV.
230 1235 337 1295 Interea
354 1236 531 1313 QLutatius
550 1235 641 1294 consul
661 1253 725 1291 cum
744 1235 799 1294 fra*

67 1326 109 1371 tre
127 1314 236 1387 Catulo,
257 1323 283 1374 tt
298 1316 459 1409 QValerio
476 1330 652 1394 propraetore,
673 1314 779 1374 rebus'
771 1337 801 1375 ιιι

67 1390 160 1451 Sicilia
172 1361 329 1470 conllitutis,
350 1397 522 1474 exercituque
535 1396 687 1474 deportato,
705 1395 737 1452 ad
753 1417 799 1455 ur-

65 1472 130 1540 bem
150 1473 299 1535 redierant:
319 1442 460 1553 llecretolq
459 1495 494 1536 ue
512 1474 561 1534 sibi
579 1477 731 1554 triumphos
749 1496 798 1534 na

63 1554 138 1611 voles
160 1555 196 1614 C.
212 1555 337 1614 Lutatius
358 1555 470 1614 Catulus
495 1557 533 1614 A.
549 1556 589 1615 D.
616 1556 675 1615 IV.
700 1554 799 1614 Nonae

66 1633 214 1706 Oilobres,
228 1635 404 1714 QValeriue
415 1635 452 1693 A.
463 1635 503 1694 D.
518 1635 605 1712 pridie
617 1633 722 1693 easdem
733 1634 799 1693 No·
802 1656 804 1661 ⁴

65 1733 125 1787 nas,
146 1715 288 1776 duxerant.
306 1714 504 1776 -Memorabile
517 1727 653 1773 certamen
665 1715 736 1773 inter
747 1714 800 1774 du·

63 1813 109 1854 ces
130 1796 194 1854 illos
212 1795 248 1855 de
269 1796 409 1875 triumpho
430 1794 584 1875 QValerii
604 1795 665 1855 suit.
703 1795 799 1874 Qtum

64 1875 138 1937 enim
154 1878 189 1937 C.
200 1878 311 1937 Lutatio
325 1875 398 1937 haud
412 1875 495 1936 dubii
508 1875 632 1936 decretus
647 1875 800 1955 triumphus

63 1956 138 2025 effer,
160 1958 338 2033 QValerius
354 1957 427 2018 haud
441 1959 571 2018 leviorem
586 1957 616 2017 in
636 1978 670 2018 eo
685 1960 799 2030 negotio

62 1999 138 2094 luanl
152 2053 264 2112 opernm
280 2038 357 2095 fuilse
371 2038 546 2108 contendens,
565 2039 671 2096 honore
687 2057 799 2115 quoque

63 2115 122 2194 peri
139 2115 232 2174 haberi
248 2116 406 2194 postulabat,
426 2115 659 2194 quemadmodum
672 2115 798 2176 societate
874 2179 878 2189 ,

64 2195 189 2274 periculi
182 2216 321 2276 curaeque
340 2195 437 2253 fuiffet.
474 2194 611 2267 Pugnabat
629 2193 722 2253 contri
741 2197 798 2255 Ce-
859 2246 865 2262 .

64 2276 152 2350 tulus,
180 2297 216 2336 ne
235 2277 326 2336 minor
345 2276 458 2354 potestas
483 2276 580 2350 majori
600 2275 629 2332 in
647 2275 798 2336 tribuendis

63 2357 214 2417 honoribus
233 2373 392 2436 aequaretur.
429 2357 524 2434 Qum
546 2354 693 2413 incaluisset
709 2371 797 2414 certa-

64 2457 144 2510 men,
170 2439 309 2517 sponsione
329 2436 456 2496 Catulum
477 2435 636 2514 provocavit
656 2437 796 2515 QVale-

64 2520 131 2589 rius,
152 2538 180 2575 m
176 2521 242 2594 suo
263 2519 340 2576 dutiu
361 2518 465 2575 Punica
485 2514 566 2590 claffls
587 2517 699 2592 oppreffit
718 2519 798 2594 estet.-

64 2616 116 2656 nec
130 2597 176 2655 ille
189 2599 322 2659 dubitavit
339 2594 493 2673 restipulari.
528 2595 660 2654 Deletlos
676 2598 712 2655 est
725 2597 797 2657 arbi-

65 2677 223 2736 ter-Atilius
239 2679 393 2736 Calatinus:
415 2676 474 2754 qui,
494 2675 660 2746 interrogato
673 2677 798 2750 Valerio,

64 2754 155 2815 ιιιιὶιιι
174 2760 203 2813 in
220 2759 402 2832 consultatione
417 2756 550 2831 depugna
569 2755 691 2828 ineunda,
703 2757 734 2835 ſs
744 2757 797 2831 dry-

60 2835 201 2914 senfiffcnt‚
222 2837 329 2913 cortsulis
340 2855 376 2894 an
382 2839 509 2912 praetoris
520 2838 603 2914 major
608 2837 711 2911 sutura
721 2837 797 2916 sris·

60 2919 103 2994 set
117 2921 272 2980 autoritas?
291 2922 410 2994 itemque,
424 2914 567 2993 fidivtrsa
584 2916 729 2994 babuifflat
745 2937 796 2976 au-

60 2998 155 3077 fpicr'ae,
176 3012 238 3060 utra
253 2996 341 3080 potitis
350 2997 481 3078 sequenda
491 2995 630 3076 suiffmt?
656 3017 742 3081 quum
763 3018 796 3060 ιι
852 3008 859 3023 ·
