1956 3736
171 156 720 220 Surrnuu.L.XV11.Lrv1au.
761 157 816 241 165

77 291 197 351 consulis
220 292 394 363 incogitantia
420 307 475 350 tarn
503 294 604 352 recenti
631 292 758 372 exemplo
782 293 816 351 ad
829 304 899 354 uc.

78 373 237 431 cautionem
251 373 397 448 profuisset.
421 373 563 432 Didicerat
576 374 730 433 Romanam
750 375 815 433 clas·
835 380 894 428 49²·

77 453 133 512 sem
152 454 231 530 juxta
249 453 312 510 litus
328 453 455 520 Italicum
468 454 528 511 vela
548 454 692 514 facientem
711 454 745 512 ad
760 455 816 513 fre·
827 435 857 479 Α·
868 436 896 480 c·

79 550 141 592 tum
163 532 291 606 tendere,
319 553 408 612 neque
429 536 525 613 procul
548 535 633 594 abeffe
649 538 707 612 jam
732 536 823 613 poise-
837 497 895 546 ²⁶⁰*

78 615 176 673 volens
201 615 285 686 igitur
308 634 368 672 eam
394 635 429 673 ex
453 615 607 694 propinquo
631 616 817 688 considerare,

78 710 113 754 ut
133 714 280 752 numerum
298 696 419 766 navium,
445 701 472 753 δι
491 715 554 773 quae
572 698 603 754 in
619 716 694 756 novo
713 697 816 755 institu-

78 790 111 834 to
134 775 267 833 Romanis
288 775 391 846 agilitas
412 782 438 833 8c
458 775 588 834 habitudo
607 777 681 849 esset,
706 796 815 836 accura-

77 854 108 915 te
124 855 308 926 cognosceret,
329 876 394 914 cum
410 855 524 913 navibus
541 857 735 933 quinquaginta
750 876 815 935 pro·

77 936 227 995 ficiscitur:
248 934 354 993 securua
375 936 470 1005 futuri,
490 941 517 993 δι
535 936 623 1008 claffe,
643 937 721 994 utin
739 935 817 995 cursu

77 1030 141 1077 toto
164 1014 246 1087 solet,
273 1017 388 1088 navigiis
412 1029 515 1074 temere
539 1015 691 1093 permixtis,
720 1035 816 1094 parurn

77 1095 241 1176 compositi.
283 1096 373 1168 Igitur
388 1098 417 1155 in
436 1096 509 1155 flexu
529 1096 666 1172 cujusdam
682 1114 815 1175 promon·

78 1178 147 1238 torii
165 1198 251 1256 quum
270 1177 299 1235 in
318 1178 473 1236 Romanam
495 1177 600 1237 classem
621 1177 718 1237 ordine
736 1196 815 1237 com·

80 1256 170 1318 modo
180 1257 350 1330 navigantem
364 1255 451 1317 subiti>
463 1258 552 1317 illatus
561 1256 639 1332 edet,
651 1257 714 1317 anti
727 1259 815 1317 vidua

77 1336 165 1418 quim
178 1338 213 1396 ad
225 1335 343 1416 pugnarn
355 1358 448 1421 parare
460 1339 486 1398 se
497 1338 633 1418 potuisset,
654 1338 745 1398 amisti
755 1356 814 1399 me·

75 1419 144 1481 liori
158 1435 232 1497 parte
243 1418 517 1497 navium‚‘postqunm
529 1421 583 1498 ipse
595 1440 704 1500 quoque
717 1419 753 1478 ad
765 1437 814 1479 ex-

75 1514 202 1560 tremum
221 1498 333 1576 periculi
347 1499 468 1568 veniiset,
489 1520 553 1558 cum
568 1503 664 1560 ceteris
677 1501 725 1558 vix
744 1500 813 1559 effu·

77 1581 131 1655 git.
169 1579 278 1639 Victn'x
300 1579 393 1652 claffis,
414 1580 526 1650 cognito
548 1580 671 1639 Cornelii
690 1579 762 1650 casu,
781 1579 816 1638 sr-

76 1661 139 1723 mul
151 1660 188 1718 ad
200 1661 237 1721 C.
251 1660 378 1718 Duilium
392 1659 464 1718 misit
475 1660 600 1733 nuncios,
615 1660 663 1737 qui
677 1659 754 1717 suum
767 1658 816 1717 ad·

76 1756 195 1802 ventum
207 1741 234 1800 ei
246 1738 440 1812 significarem
453 1739 530 1798 simul
542 1739 578 1798 ad
586 1738 716 1819 ¹praelium
725 1739 753 1798 se
766 1759 816 1817 pa·

75 1822 167 1895 rabat,
185 1819 262 1901 quid
273 1835 374 1881 ceteras
386 1819 646 1894 Carthaginienssum
655 1839 738 1880 naves
750 1838 817 1899 pro·

77 1903 189 1986 pinquis
203 1904 270 1962 locis
284 1922 363 1974 agere
375 1918 552 1982 compererat.
678 1902 681 1907 ’

122 1985 182 2046 VI.
195 1984 240 2044 Ibi
250 1983 318 2042 dum
331 1984 449 2042 sollicitis
460 1985 557 2044 animia
568 1984 745 2045 incommoda
755 1985 814 2047 sue·

77 2087 143 2128 mm
157 2065 268 2123 navium
280 2064 458 2136 ionfideraut,
473 2064 567 2143 easque
579 2067 640 2124 rudi
654 2085 735 2141 opere
747 2084 814 2123 con·
837 2113 841 2118 ,

77 2147 192 2208 structae
204 2143 220 2203 ai
233 2145 342 2224 Puqicia
354 2145 497 2203 velocitate
507 2143 589 2214 longo
602 2144 717 2221 superari
734 2162 816 2222 repu-

78 2241 155 2296 tanta
168 2227 244 2284 venit
252 2223 362 2283 cuidem
373 2225 401 2284 in
412 2239 532 2285 mentem
546 2224 679 2283 machinae
691 2225 725 2281 ad
737 2243 815 2283 com-

66 2306 285 2388 prehendendae
304 2305 421 2365 hostium
436 2325 519 2366 naver
539 2305 718 2383 tenendasque
731 2304 815 2376 utilis,

180 2386 355 2466 postmodum
367 2405 472 2444 corum
485 2400 663 2446 vocaverunt.
684 2387 743 2462 ejus
757 2385 817 2444 haee

79 2469 171 2530 forma
184 2467 247 2528 fuit.
269 2468 395 2538 Tignum
409 2483 465 2526 erat
479 2469 594 2540 redium,
606 2480 687 2538 teres,
702 2481 818 2546 quatuor

80 2551 158 2610 ulnas
173 2549 299 2620 longum,
320 2547 431 2607 craflitie
444 2548 607 2621 dodrantali,
625 2549 774 2608 trochleam
789 2551 818 2606 in

79 2631 188 2689 summo
208 2628 319 2688 habena.
340 2629 404 2686 huic
422 2630 451 2687 in
464 2648 545 2706 prora
560 2630 636 2688 navis
654 2628 745 2707 defixo
765 2648 815 2705 ap-

79 2711 187 2772 tabatur
198 2709 265 2767 scala
278 2708 323 2767 sex
332 2709 409 2767 ulnas
422 2710 513 2780 longa,
526 2708 578 2767 lata
590 2709 675 2786 pedes
688 2723 814 2785 quatuor,

80 2789 232 2866 composita
253 2809 288 2848 ex
308 2788 454 2848 transvertis
480 2788 591 2859 tabidis,
618 2807 685 2865 quas
706 2788 816 2863 impacti

80 2872 153 2927 clavi
167 2870 246 2930 ferrei
266 2869 379 2928 firmiter
392 2868 573 2926 continebant.
593 2868 623 2925 in
640 2888 673 2926 ea
692 2867 816 2927 machina

80 2951 207 3010 foramen
220 2950 343 3009 relicum
357 2964 413 3009 erat
430 2949 590 3021 oblongum,
611 2968 669 3026 quo
682 2949 757 3020 tigno
771 2950 815 3010 in·

63 3046 66 3054 ·
79 3030 165 3092 ducta
178 3031 402 3113 complecteretur
414 3029 494 3106 illud,
513 3030 593 3110 eique
604 3030 752 3093 cohaeret
766 3028 816 3111 pei
