1956 3736
175 145 367 206 Suessae.
390 142 527 206 L.xv1.
548 142 708 206 Lissen.
753 140 808 208 161

71 245 305 348 manasserus
329 272 366 334 ar
392 273 444 334 sos
471 272 647 353 memrot
675 274 891 339 somnitus

69 361 158 418 oritur
169 356 296 436 pralium
309 371 398 429 atrox,
413 357 442 414 'm
454 376 511 434 quo
524 356 602 416 Galli
615 376 712 416 omnes
724 357 808 420 inter·
827 364 885 413 49¹·

68 441 146 513 sectr,
165 458 252 518 quum
266 437 345 498 inulti
358 437 501 498 noluissent
513 439 686 510 occumbere,
705 437 809 517 duplex
820 418 889 533 ᾖ

69 522 204 581 Hannoni
224 519 355 592 gaudium
374 519 556 597 prebuerunt,
577 519 808 580 condusiitionrm

68 603 239 662 insolentiam
252 621 317 659 eum
328 601 447 660 'hostium
458 601 531 661 haud
543 601 643 676 exiguo
656 602 808 663 detrimen-

67 694 100 744 to
111 703 170 744 non
182 681 308 741 incallide
319 682 477 744 vindicanti.
525 724 531 729 -

110 766 193 824 LXI.
216 765 316 824 Romae
330 764 438 823 interim
453 764 489 825 de
503 784 572 843 aqua
584 765 699 825 Anienis
713 767 742 824 in
758 786 806 826 ur·

67 847 134 907 bern
153 845 312 904 deducenda
327 847 469 905 Minucius
488 861 588 923 praetor
606 846 635 905 in
654 848 743 905 senatu
762 868 806 906 re·

67 929 143 988 tulit.
186 928 265 1005 Opus
285 927 353 984 illud
370 948 405 986 ex
423 927 557 985 manubiis
571 927 663 984 censor
677 930 733 986 Μ’.
746 928 807 986 Cu·

67 1010 125 1068 rius
143 1007 287 1068 locaverat.
309 1007 353 1067 sed
369 1009 448 1066 variis
471 1008 571 1066 exortis
591 1009 808 1086 impedimentis,

67 1110 111 1149 res
128 1109 233 1148 nonum
247 1089 276 1149 in
289 1109 391 1148 annum
406 1090 510 1168 prolata
527 1103 586 1149 tum
604 1089 806 1150 retraetabaur.

67 1172 206 1248 creatique
226 1169 365 1228 duumviri
379 1171 479 1230 Curius
497 1176 522 1228 δι
542 1171 655 1230 Fulvius
674 1171 807 1230 Flaccusz

69 1251 118 1310 sed
132 1251 218 1310 Curio
237 1253 363 1330 quintum
383 1250 452 1311 intra
467 1253 541 1311 dien
559 1251 699 1325 demissio,
721 1252 807 1325 glorie

68 1331 196 1391 dedusiae
214 1351 292 1411 aquae
310 1352 392 1410 penes
405 1354 492 1393 unum
507 1333 636 1394 Fldvium
649 1335 712 1396 suit.
750 1334 809 1393 Sub
932 1377 936 1381 -

66 1414 98 1472 id
118 1428 228 1492 ternpus
247 1415 370 1472 Amilcar
391 1416 420 1473 in
439 1415 559 1474 Siciliam
578 1416 724 1475 Hannonis
745 1415 806 1474 suc·

67 1484 155 1554 celsos
169 1495 332 1566 Carthagine
347 1496 429 1553 venit.
457 1496 624 1554 Hannonem
637 1517 756 1574 namque
770 1517 806 1556 ex

65 1577 140 1635 mala
163 1594 254 1654 pugna
279 1577 394 1634 domurn
419 1576 595 1648 redeuntem,
623 1576 806 1647 ignominiose

64 1671 230 1736 exceperant
255 1657 347 1728 Poeni,
376 1657 589 1734 mulsiatumque
615 1658 659 1714 sex
686 1657 807 1715 millibus
845 1724 848 1728 Δ

66 1758 213 1797 aureorum
232 1736 389 1815 praesesturi
405 1737 588 1796 dimoverant.
623 1738 697 1795 Eum
711 1737 806 1795 Amil-

66 1838 160 1889 mrem
183 1833 287 1896 patrem
310 1818 469 1891 Annibalis,
494 1819 542 1897 qui
565 1819 676 1898 sequens
701 1817 805 1878 bellum

67 1901 203 1960 Pisnicum
221 1899 347 1958 adversis
366 1902 506 1960 Romanos
523 1900 612 1973 duxit,
632 1901 719 1974 fuisse,
740 1901 802 1979 qui·
889 1970 893 1977 ι

65 1982 136 2040 dena
158 1980 331 2041 similitudine
353 1983 496 2041 nominum
520 1982 628 2060 decepti
649 2003 706 2040 non
729 1981 804 2041 reste
860 1980 863 1985 ’

65 2060 246 2122 tradiderunt.
267 2082 330 2119 narn
345 2064 450 2136 genitor
460 2064 603 2120 Annibalis
614 2064 741 2120 Amilcar
755 2083 802 2120 ex·

66 2144 162 2203 tremis
187 2145 245 2220 ejus
268 2144 331 2201 belli
352 2142 520 2219 temporibus
542 2145 569 2200 in
592 2143 712 2200 Siciliam
737 2161 804 2203 eum

65 2224 186 2302 imperio
202 2225 355 2283 adolescens
369 2225 455 2283 venit.
476 2223 520 2282 sed
535 2223 673 2280 celebritas
689 2223 746 2297 ejus
760 2222 802 2281 es·

66 2306 144 2376 seeit,
159 2319 189 2362 ut
202 2306 309 2364 alterius
320 2305 461 2377 ignotioris
473 2304 617 2363 Amilcaris
633 2305 701 2376 asia,
714 2303 804 2363 Barce

69 2385 214 2457 Amilcari,
235 2387 359 2447 omnium
376 2386 423 2464 qui
436 2387 490 2444 hoc
502 2387 614 2444 nomine
628 2386 736 2444 fuemnt
750 2404 803 2444 no·

66 2467 209 2538 biliffimo,
219 2467 440 2527 adscriberentur.
474 2467 611 2526 Successor
626 2468 707 2538 igitur
721 2465 803 2526 Han·

65 2547 149 2608 nonis
164 2546 298 2619 Amilcar,
319 2548 432 2625 pedestri
449 2551 543 2628 utique
562 2549 681 2607 exercitu
695 2547 802 2608 Roma·

65 2646 119 2688 nos
133 2627 216 2702 longe
226 2630 375 2707 superiores
390 2631 440 2688 ell'e
455 2649 577 2702 cernens,
595 2630 803 2691 mediterraneas
876 2642 884 2659 '

67 2710 183 2790 quidem
200 2710 282 2769 urbes
297 2711 382 2768 nullas
396 2711 511 2770 audebat
524 2710 644 2781 aggredi,
665 2728 754 2787 neque
768 2727 807 2767 et

67 2791 136 2850 loeis
150 2791 279 2850 montosis
292 2795 318 2849 δι
329 2792 418 2849 arduis
429 2792 457 2848 in
471 2790 549 2868 plana
559 2789 736 2848 descendere:
757 2785 806 2847 sed

68 2871 148 2930 claffe
164 2872 280 2946 validus,
301 2873 354 2951 quai
372 2871 444 2930 haud
463 2871 544 2929 dubie
563 2872 643 2929 maris
657 2869 806 2948 impminns

68 2950 191 3025 tenebat,
209 2955 239 3011 si
251 2970 327 3032 parte
341 2955 441 3012 virium
456 2951 528 3010 haud
542 2951 656 3024 segniter
668 2951 806 3024 utebatur,

70 3031 204 3112 missoque
218 3034 322 3097 ilerum
339 3033 530 3173 Annibaleoad
544 3033 698 3097 vastandus
717 3033 804 3095 Iulia
