1956 3736
95 192 285 257 Sarrana.
308 190 345 252 L.
358 191 479 253 XVIII.
501 192 661 259 Lrvrau.
693 200 751 280 187

47 339 89 388 ut.
133 325 235 404 Neque
249 322 399 397 defuerant,
420 326 469 404 qui
483 327 660 406 longinquam
675 328 751 387 navi·
760 349 794 400 v.
805 349 832 399 c,

50 408 167 478 tionem,
189 411 215 463 ἀ
228 404 324 464 hostile
337 406 411 478 litut,
429 406 569 486 ipsumque
584 410 686 468 Africae
701 430 753 468 no·
771 416 832 477 49⁴·

47 506 82 551 eu
99 486 327 558 exhorrescerent,
347 503 409 544 ante
423 502 527 546 ceteros
544 491 690 567 imperium
704 489 754 549 de·
763 483 791 526 A.
805 484 835 528 ⁰·

47 571 147 630 mame
161 567 273 626 tribuno
285 567 405 625 militum
417 569 544 630 Marinio.
566 571 611 630 sed
625 570 756 631 adversius

47 669 93 710 unc
111 651 149 709 ita
167 647 262 708 exarsit
280 648 413 721 Regulus,
433 665 466 708 ut
483 652 571 722 virgas
588 653 757 731 securimque

48 732 199 800 initaretur,
216 730 246 787 ni
265 729 396 806 pamiffet.
425 731 462 788 ita
475 731 588 791 demum
609 734 756 811 praestitum

47 810 357 890 tobsequiumeonsuii,
378 811 608 890 formidinemque
627 815 756 886 navigan-

67 893 220 972 propior&
235 893 323 968 major
338 906 428 950 metus
442 895 556 969 expulit.
592 894 757 953 Hermaeum

47 972 210 1035 umontorio
228 992 331 1030 nomen
348 973 396 1042 est,
417 973 494 1050 quod
513 971 600 1032 istun
615 975 758 1045 Carthagi-

48 1054 110 1113 aiu
128 1073 201 1112 mare
222 1053 344 1110 Siculum
364 1050 417 1111 lati:
434 1056 580 1132 procurrit.
602 1074 662 1113 earn
682 1074 759 1112 oram

47 1136 117 1194 imae
137 1135 328 1192 Romanorum
347 1153 429 1192 naves
449 1149 603 1194 tenuerunt.
629 1135 669 1192 ibi
689 1155 756 1212 pau-

47 1217 103 1295 iper
126 1216 268 1292 erpeiiato
291 1213 379 1272 donee
400 1228 456 1273 tota
475 1216 557 1274 claffis
578 1216 759 1288 convenisset,

47 1310 87 1355 tua
108 1295 210 1354 Africa
235 1296 404 1374 praererveeu
426 1296 548 1355 consuler
568 1298 603 1356 ad
623 1298 758 1376 Clupeam

48 1375 119 1451 bem
138 1394 294 1453 pervenere.
325 1375 373 1434 hte
394 1377 514 1448 legiones
534 1378 662 1456 exposrtae
681 1379 757 1450 sunt,

48 1455 184 1534 tribusque
199 1458 228 1514 in
241 1469 352 1535 portum
364 1457 512 1529 tubunnis,
524 1459 626 1517 vallum
637 1480 668 1518 ac
680 1460 759 1531 fossa,

48 1535 78 1598 ιδ
92 1537 205 1596 tutiores
218 1537 312 1608 essent,
334 1537 509 1597 circumdata.
531 1539 606 1609 urba,
631 1540 695 1617 quia
709 1540 759 1597 de-

48 1619 156 1679 ,tiouem
175 1617 318 1689 abnuebat,
340 1616 447 1688 obseffa,
469 1617 610 1695 statimque
629 1634 705 1676 metu
720 1620 760 1676 ci·

48 1720 109 1770 um,
131 1698 186 1757 five
208 1698 310 1770 dedita,
336 1695 390 1754 five
411 1696 522 1768 deserta,
552 1701 631 1772 (nam
652 1712 760 1756 utrum·

48 1799 77 1840 ae
98 1779 224 1852 traditur)
251 1781 280 1837 in
301 1779 460 1857 potestatem
480 1778 670 1838 Romanorum
693 1798 761 1838 con·

62 1940 136 2003 xll.
151 1942 192 1999 At
202 1939 444 2012 Carthaginienses,
454 1961 607 2020 quanquam
620 1939 682 2000 sani
694 1940 762 2000 dura

48 2021 162 2082 'insueta
185 2036 349 2099 paterentur,
370 2038 461 2079 tamen
482 2023 680 2092 gratulabantur
700 2023 759 2093 fibi,

48 2100 100 2163 rod
125 2102 264 2181 aliquanto
287 2103 396 2161 mitiora
422 2101 575 2159 formidatis
598 2102 761 2160 aeeidiffent.

48 2198 174 2245 emerant
188 2183 263 2241 enim
278 2183 371 2240 audito
391 2200 490 2258 pugnae
507 2182 609 2239 navalia
621 2183 706 2253 exitu,
727 2201 762 2241 ne

48 2266 148 2325 rotinus
168 2263 203 2322 ad
223 2262 307 2342 ipsam
322 2263 515 2333 Carthaginem
532 2262 657 2320 vieirices
676 2263 763 2340 copiae

48 2360 196 2404 uterentur.
218 2344 308 2421 itaque
322 2343 447 2402 nonnihil
461 2362 496 2400 ex
514 2345 605 2421 priore
624 2358 700 2401 metu
717 2363 762 2401 re-

48 2427 162 2499 irautea,
183 2425 212 2482 in
231 2423 426 2483 contrahendas
446 2424 549 2502 copiae,
571 2424 762 2503 urbemque&

48 2507 202 2566 ,burbonum
228 2505 369 2577 regionem
394 2503 524 2563 tuendam
551 2505 648 2564 intenti
674 2518 761 2564 erant.

49 2588 155 2649 ursulo
174 2586 276 2644 interea
296 2585 376 2645 missia
394 2587 514 2644 Romam
531 2587 649 2659 nunciis,
670 2589 717 2666 qui
736 2592 762 2645 δι

48 2688 67 2728 a
88 2669 217 2728 hastenur
239 2668 323 2738 gestas
344 2667 484 2741 docerent,
505 2663 532 2725 δὲ
550 2667 587 2726 de
606 2667 762 2725 instantibus

49 2751 181 2809 utentium
204 2749 313 2807 Parrum
334 2746 518 2825 exquirerent,
543 2748 677 2824 Clupeam
699 2766 762 2804 mu·

49 2832 115 2902 unt,
134 2845 165 2889 ut
187 2830 218 2889 ei
239 2829 301 2888 sede
323 2829 386 2886 belli
407 2840 563 2886 uterentur:
585 2825 762 2906 praesidioque

774 544 835 604 25⁶1

49 2907 154 2968 iurbia
167 2915 193 2970 ir
206 2911 263 2983 agri
277 2908 427 2968 custodiam
446 2906 585 2986 impofito,
606 2926 670 2966 cum
689 2923 764 2968 cete·
851 2918 862 2932 '

49 3009 64 3048 a
79 2991 205 3051 omnibus
217 2992 305 3070 copiis
317 2989 424 3062 longiis
436 2989 574 3068 progreffi,
595 2989 764 3052 orltiflimam

49 3070 179 3152 :giam
199 3085 297 3155 utpote
311 3091 373 3156 quae
393 3072 454 3154 post
467 3070 630 3151 Agathoclis
642 3087 764 3154 tempora
