1956 3736
161 105 695 189 Surrnrra.L.XVI.Lrv1n'n.
741 136 799 200 137

58 251 140 319 diunt
152 256 271 327 invicem
283 272 449 335 magnopere
453 277 464 325 a
484 255 571 315 aostae
583 252 661 329 aad,
682 254 796 315 alimen-
804 264 838 311 υ.
849 263 889 310 ο.1

56 353 119 400 turn
140 353 223 417 atque
241 338 351 398 succum
370 334 468 398 mutud
487 337 682 418 intercipiunt3
707 357 796 417 quum
813 325 873 389 4⁸⁸·
926 369 936 375 -

57 420 218 495 grandiores
231 419 288 479 fieri
301 436 421 498 crepere,
437 417 571 480 rsdicibus
584 425 610 479 da
621 420 704 480 ramis
715 439 794 480 com*
803 394 873 508 ἓξ·
886 445 900 456 ·’

57 502 144 561 missae
163 515 334 560 atteruntur:
360 502 397 559 ita
419 497 586 573 surgentibus
605 500 728 580 imperiis
748 499 797 559 vix
847 472 878 522 μ

56 604 108 664 per
122 597 245 642 naturam
260 581 361 640 diutius
380 581 434 640 fida
451 602 559 642 manere
577 583 663 661 potest
678 599 796 641 concor-

57 664 114 736 dia,
136 661 219 742 quam
237 662 326 723 donec
344 664 444 722 extrito
460 664 537 743 quod
556 665 679 723 medium
696 663 796 734 luerat,

57 744 212 821 conjunslis
223 745 280 821 jam
290 743 388 803 finibus
401 746 588 804 concurrentia
601 760 712 817 urgeant
726 745 798 816 inter

57 826 84 883 se
98 823 272 902 nudantque,
284 844 373 904 neque
386 826 506 902 priorem
517 826 587 884 intra
598 826 714 884 modurn
728 825 797 883 stan-

57 906 87 964 di
109 905 272 983 impetrabili
289 906 448 979 voluntate,-
460 925 550 984 neque
569 907 666 976 libero,
687 905 735 962 nisi
754 925 797 962 re·

58 988 143 1046 motis
165 984 359 1057 obsistentibus,
381 985 416 1046 ad
436 988 568 1063 majorem
588 985 797 1065 amplitudinem

58 1067 197 1146 procursu.
231 1068 389 1128 Accedebat
406 1067 442 1126 ad
461 1067 511 1126 has
530 1068 618 1127 causas
638 1067 666 1124 in
684 1082 798 1143 utraque

16 1138 20 1151 ⁴
57 1149 169 1206 civitate
188 1166 284 1219 magna
303 1149 390 1227 plebis
403 1153 430 1207 de
447 1148 579 1227 potentia,
599 1154 626 1208 δι
639 1143 802 1225 suscipiendi,

58 1228 164 1287 bellurn
183 1229 326 1306 cupiditas.
370 1230 447 1289 Nam
468 1230 497 1288 in
519 1228 732 1303 Carthaginiensi
753 1247 797 1284 re-

57 1309 169 1388 publica
188 1311 284 1381 vulgus
301 1311 406 1370 valebat
426 1309 592 1390 plurimum:
614 1309 691 1390 quod
712 1308 801 1378 audis

57 1391 176 1448 civitatis
191 1391 301 1468 opibus,
315 1393 434 1449 variis&
448 1392 535 1469 ipsum
549 1391 704 1451 commodis
718 1390 797 1447 locu·

57 1471 156 1549 pletari
168 1470 286 1543 solitum,
300 1473 413 1550 quaestsrs
429 1472 573 1530 dulcedine
588 1473 657 1531 bella
671 1491 706 1530 ex
721 1470 800 1527 bellis

57 1551 108 1610 seri
129 1571 186 1610 non
206 1552 323 1610 invitum
347 1553 507 1630 patiebatur.
553 1552 655 1630 Neque
680 1549 797 1608 multum

58 1631 163 1690 diversa
173 1633 295 1691 conditio
311 1634 445 1691 Romanae
457 1631 638 1691 multitudinis
651 1646 722 1697 erat3
739 1647 800 1706 quae

58 1711 160 1770 damna
180 1714 220 1771 rei
241 1713 390 1785 familiaris,
411 1714 538 1792 superiori
558 1712 630 1770 bello
650 1712 733 1782 illata,
756 1710 800 1767 si·

58 1793 129 1851 culis
152 1793 254 1852 divitiis
276 1794 353 1852 facile
375 1796 490 1872 reparari
509 1793 582 1872 posse
603 1794 721 1870 sperans,
747 1808 801 1868 pro

54 1875 119 1951 jure
137 1892 225 1952 nuper
239 1874 361 1933 Patribus
379 1890 496 1946 extorto,
518 1875 675 1934 sententiam
696 1872 800 1931 bellum
867 1895 869 1898 ·

56 1954 231 2013 suadentium
245 1955 384 2034 plebiscito
398 1958 576 2015 confirmavit.

101 2034 218 2094 XXIV.
241 2037 307 2115 Qu
326 2051 443 2095 armatus
464 2035 555 2095 conlui
570 2035 689 2113 Appius,
711 2052 799 2111 qutun

59 2116 181 2193 alioquin
195 2116 272 2174 vietis
287 2119 404 2195 antiquae
420 2117 495 2174 sosiae
511 2116 576 2172 viris
593 2118 680 2191 major
694 2112 798 2171 senatur

59 2217 120 2275 pars
135 2196 230 2254 all'ensa
244 2196 317 2270 eset,
339 2198 394 2254 fine
408 2216 485 2256 mora
499 2196 536 2254 C.
549 2194 696 2253 Claudiurn
710 2193 798 2252 tribu·

58 2296 128 2336 num
150 2277 269 2336 militum
288 2298 354 2336 cum
373 2279 465 2355 paucis
485 2276 599 2334 navibus
619 2273 800 2352 praemittelrs,

59 2358 201 2416 observare
220 2358 398 2431 occasionem,
426 2363 451 2415 δι
470 2357 491 2416 fi
511 2376 565 2434 qua
586 2353 743 2423 obvenisset,
769 2353 799 2412 iu

60 2439 182 2497 Siciliam
196 2438 304 2497 transire
316 2440 397 2515 julsrt⁴
431 2438 483 2496 llle
495 2458 581 2516 quum
595 2436 734 2506 Rhegium
746 2453 796 2491 ve·

58 2519 148 2591 nisset,
170 2519 198 2576 in
217 2519 305 2578 calum
325 2519 389 2577 dare
403 2520 527 2578 triremes
541 2537 597 2576 non
613 2519 698 2588 nasus,
720 2508 800 2594 qudi

60 2598 143 2670 longe
163 2600 259 2675 majori
273 2600 421 2657 Pariorum
439 2600 516 2658 classe
534 2599 634 2657 fretum
655 2598 796 2656 obsidebo

59 2695 115 2752 tur,
137 2680 276 2756 piscatorii
294 2682 357 2739 navi
376 2679 515 2738 conscensi
535 2679 685 2738 Messanam
703 2677 800 2733 resins

61 2761 108 2819 est.
124 2761 163 2818 ibi
177 2780 242 2818 curn
255 2760 439 2832 Mamertinis,
454 2761 490 2817 ita
502 2774 532 2818 ut
546 2760 658 2838 praesens
672 2755 733 2813 usus
746 2755 798 2832 pu'

60 2841 183 2915 stulabat,
205 2842 386 2921 colloquntus,
408 2861 494 2918 quum
515 2840 606 2898 Poenis
626 2835 799 2896 reclamanti·

62 2922 115 2977 bus
142 2939 237 2996 parum
262 2923 420 3000 proficeret,
448 2920 549 2979 infesto
573 2920 684 2992 negotio
706 2916 798 2978 rediit.

60 2999 125 3063 ,Sed
132 3002 214 3079 paulo
225 3005 284 3083 poll
297 3005 409 3078 cognito
421 3001 552 3144 Μεξῖιιε
563 2998 724 3063 ducordnn
735 2999 803 3072 effi,
